2962 4936
373 425 564 481 IOHANNIS
576 425 829 482 ,conuersum
846 426 1028 482 ANNALES
1046 428 1082 484 A.
1097 431 1175 485 1226.

431 615 473 674 40
499 611 567 675 Sed
590 632 633 675 ne
657 610 766 674 ritimi
789 611 959 674 dictatora

496 699 667 765 Videatur
689 699 957 782 blasphemator,

494 789 578 852 Istis
601 789 725 871 iungat
747 788 935 865 Placentie,

494 870 705 941 Mediolanib
734 876 868 952 militie,

534 964 608 1043 Qus
632 969 684 1030 est
708 967 799 1029 dona
822 986 884 1049 pro
907 965 1023 1030 vino⁰.

431 1130 470 1187 41
497 1124 711 1190 Veronenses
735 1125 864 1189 auxilio

493 1214 685 1279 Mediolani
707 1212 783 1278 lilio

493 1303 719 1386 Aliarumque
741 1303 890 1381 urbium,

493 1391 567 1470 Que
592 1392 678 1455 daut
701 1392 767 1456 sibi
790 1391 992 1470 subsidium,

533 1481 720 1544 Instabant
743 1481 899 1544 viriliter.

428 1645 470 1702 42
493 1635 589 1706 Nec(l
616 1640 763 1705 transire
787 1641 1012 1706 dimittebant

492 1729 560 1808 Qui
584 1729 628 1793 ad
651 1749 768 1814 regem
792 1730 980 1813 cupiebant

493 1819 667 1884 Accedere
691 1839 767 1882 cum
792 1819 912 1900 genito
923 1819 944 1880 1.

492 1907 560 1972 Hic
584 1928 775 1972 sermonem
800 1907 1002 1985 dimittito⁰,

533 1997 626 2059 Dum
649 1996 806 2080 predicta
829 1997 962 2060 fierent.

427 2161 469 2219 43
495 2156 690 2220 *Dimittito
714 2156 743 2219 si
767 2156 913 2220 dixerim

494 2246 538 2308 Et
562 2245 733 2309 calamum
758 2244 996 2321 subtraxerim,

492 2335 550 2399 Me
574 2334 718 2417 penitet,
744 2337 780 2398 et
802 2333 881 2398 ideo

490 2422 592 2487 Nunc
617 2424 661 2486 ad
684 2422 904 2487 scribendum
926 2422 1029 2487 redeo

531 2505 749 2576 Locuourusf
776 2511 901 2594 aliqua.

426 2675 468 2732 44
492 2671 538 2734 Et
560 2672 598 2734 in
620 2671 705 2736 urbe
729 2671 968 2735 Parmensium

491 2759 598 2823 Stetit
619 2793 664 2801 —-
687 2761 747 2843 qui
770 2759 875 2824 debet
897 2760 1030 2843 regium

491 2849 606 2912 Decus
629 2849 767 2925 habere,
791 2849 947 2932 rapitur²

489 2936 535 3000 Et
558 2936 705 3001 illinon
728 2938 952 3021 permittitur,

530 3026 617 3090 Cum
641 3047 676 3090 se
701 3027 790 3092 male
814 3030 967 3110 gesserat
989 3061 1034 3068 -

425 3191 466 3249 45
491 3186 584 3250 Hinc
608 3187 653 3250 ad
677 3187 778 3264 diem,
803 3190 844 3250 ut
867 3186 1048 3263 oredimus,

488 3276 532 3338 In
556 3297 623 3358 quo
646 3278 769 3360 regnat
792 3275 888 3340 Deus
911 3275 1128 3352 summusffl,

488 3364 557 3443 Qui
580 3365 706 3429 mensis
730 3357 825 3428 eratll
853 3364 947 3427 Iunii

487 3453 717 3532 Tredecimus,
742 3474 761 3517 o
786 3453 878 3530 socii,

528 3541 603 3620 Quo
628 3542 780 3626 Burgum
807 3540 1001 3606 accellerat.

424 3698 465 3756 46
489 3693 536 3756 Et
560 3715 637 3757 oum
661 3695 753 3757 filius
776 3693 919 3770 videret,

487 3783 685 3846 Transitum
709 3785 800 3865 quod
825 3803 894 3846 non
918 3782 1063 3845 haberet

206 3935 229 3986 a)
243 3934 326 3976 ditator
340 3948 357 3979 e.
420 3936 443 3987 b)
461 3937 492 3976 ut
505 3936 565 3977 Mod.
581 3949 611 3982 c.,·
631 3939 675 3987 lepe
688 3936 818 3988 MedJolani,
884 3939 905 3984 c)
919 3948 1003 3976 cusum
1021 3938 1108 3975 somnum
1121 3937 1226 3976 intactum
1241 3938 1324 3987 reliqui,

206 4001 253 4029 eum
267 3991 396 4038 dubitarem,
416 3992 468 4039 quid
485 3992 620 4030 scribendum
637 3993 672 4033 sir,
699 3993 723 4030 Si
736 3993 762 4030 de
776 3992 873 4030 Proviuo
887 3991 1052 4040 Mediolanensi,
1069 3990 1110 4029 hoe
1128 4001 1185 4030 curso
1199 3991 1325 4030 Placentino

202 4048 315 4093 poemate,
329 4044 409 4082 diarum
423 4048 461 4093 est,
476 4049 498 4082 ut
512 4046 689 4094 continuaverunt,
701 4056 745 4094 pro
759 4046 772 4082 δ
786 4043 845 4084 dona
859 4046 928 4092 lepere
936 4048 998 4093 potes
1012 4042 1097 4083 devote
1110 4044 1143 4082 vel
1156 4048 1192 4083 est
1204 4054 1277 4092 prona
1294 4045 1325 4082 vel
1341 4037 1363 4078 35

207 4098 350 4137 consonaret
364 4094 404 4136 dst
418 4095 483 4139 dona·
539 4096 561 4148 d)
575 4099 699 4144 emendavi,·
712 4099 791 4146 Neque
805 4109 821 4140 c.
876 4097 897 4147 e)
911 4096 1054 4140 dimittstoe.
1108 4095 1221 4147 Oensend.
1235 4098 1324 4144 H.·Br.,·

206 4151 304 4190 Locutus
316 4162 333 4189 ε.
388 4153 411 4199 g)
425 4162 500 4190 sumus
514 4162 532 4192 e.
588 4152 611 4199 h)
625 4152 695 4200 suppl.
709 4151 802 4199 IL-Br.,·
815 4162 857 4194 om,
871 4163 888 4194 e.

208 4277 234 4342 1)
262 4275 398 4328 Heinrico.
423 4274 572 4326 Louzburdi
595 4291 694 4342 nempe,
717 4292 766 4343 per
790 4276 877 4328 clusus
895 4277 1008 4343 Alpnium
1026 4276 1168 4342 quominus
1187 4278 1324 4337 transiret,

205 4348 328 4412 imposito
344 4346 480 4413 praesidio
493 4347 678 4414 prohibebunt.
750 4349 779 4411 2)
801 4348 864 4400 Seu,
882 4347 959 4398 decus
975 4349 1087 4412 rupium.
1159 4347 1188 4414 3)
1207 4347 1230 4400 Ι.
1250 4363 1271 4406 e,
1290 4346 1325 4398 ad

206 4417 275 4468 diem
292 4418 462 4482 douruinioum,
482 4420 530 4484 qui
546 4435 572 4472 u.
586 4419 664 4473 1226.
683 4419 739 4482 fuit
757 4418 819 4473 Iun.
834 4420 875 4473 14.
1244 4466 1246 4470 ,
1331 4430 1364 4468 vuo
