2962 4936
176 402 212 457 54
337 396 527 454 IOHANNIS
547 393 794 449 GODAGNELLI
812 395 993 450 ANNALES
1011 395 1046 452 A.
1062 397 1138 452 1216.

80 591 156 644 1216.
176 583 451 648 calefacerentur
481 582 517 644 et
547 578 815 659 disgelarentur;
852 582 888 643 et
923 579 1061 643 duravit
1094 578 1183 641 illud
1214 579 1296 662 gelu

175 677 247 735 tam
272 690 436 752 magnum
460 667 608 751 amplius
632 667 766 731 duobus
789 668 973 731 mensibus.

87 784 155 822 naa.
283 757 476 830 MOOXVL
501 755 690 819 indictione
707 755 797 832 IIII,
823 755 1296 821 cardinales1menseMadii

177 849 221 912 ad
252 847 428 911 civitatem
453 845 630 908 Placentie
660 847 840 922 venerunt,
877 845 1032 910 dicentes
1063 845 1095 910 ei
1125 865 1166 908 ex
1197 848 1296 928 parte

177 936 302 1000 summi
332 934 515 1018 pontificis,
545 937 587 995 ut
616 935 774 1015 treguam
798 933 1025 1017 Papiensibns
1049 937 1209 998 tenerent
1233 953 1332 996 nect>

178 1044 235 1090 eos
247 1024 421 1088 offendere
435 1022 614 1099 deberent;
631 1023 722 1104 qnod
735 1022 765 1085 si
776 1022 943 1098 facerent,
961 1043 1018 1088 eos
1032 1022 1295 1097 interdicerent;

178 1114 303 1178 deinde
333 1113 471 1175 iverunt
493 1110 730 1175 Mediolanum
761 1111 809 1174 eis
840 1111 966 1174 similia
995 1112 1100 1176 verba
1131 1111 1297 1174 dicentes.

178 1201 454 1266 Mediolanenses
477 1202 594 1263 autem
618 1203 653 1264 εὴ
676 1199 872 1263 Placentini
895 1200 1053 1264 nolentes
1077 1220 1098 1263 a
1121 1199 1296 1283 proposito

179 1290 343 1355 desistere
378 1310 495 1354 eorum
529 1289 566 1351 in
599 1292 693 1352 terra
725 1288 945 1371 Papiensium
986 1288 1160 1352 hostiliter
1194 1288 1296 1350 intra-

178 1382 312 1455 verunt,
349 1383 385 1443 et
419 1379 496 1442 ideo
532 1377 709 1441 civitatem
740 1376 917 1441 Placentie
948 1380 984 1442 et
1012 1376 1203 1441 Mediolani
1233 1377 1295 1440 sub
1316 1397 1342 1435 10

177 1469 365 1534 interdicto
388 1469 589 1551 posuerunt.
686 1533 688 1536 ,

62 1545 160 1640 „25¹fo
286 1556 430 1620 *Eodem
454 1575 554 1629 anno,
588 1554 643 1618 die
666 1553 759 1618 Iovis
775 1554 857 1618 VII.
883 1554 962 1618 Kal.
985 1554 1080 1617 Iunii
1110 1554 1239 1617 milites
1263 1558 1297 1617 et

178 1647 313 1730 pedites
344 1646 386 1708 de
417 1646 564 1726 quatuor
587 1643 696 1725 portis
719 1643 910 1707 Mediolani
933 1664 1010 1707 cum
1036 1643 1187 1727 deguriis
1211 1664 1297 1706 com·

179 1736 323 1797 mitatus
354 1753 471 1796 eorum
501 1731 584 1813 ipsis
614 1732 722 1814 portis
753 1732 1007 1814 pertinentibus
1038 1732 1298 1795 castramentati

178 1822 277 1886 fuere
307 1821 402 1883 ultra
431 1820 563 1883 Padum
593 1819 630 1882 in
653 1819 829 1897 Roncalia,
862 1824 897 1884 et
927 1841 968 1884 ea
998 1821 1053 1884 die
1087 1824 1122 1884 εὴ
1145 1820 1215 1883 alia
1243 1820 1297 1883 die
1317 1838 1342 1877 1⁶

17 1934 160 1978 narrans.
180 1910 337 1992 sequenti
354 1929 389 1972 se
406 1909 687 1973 coadunaverunt
702 1908 841 1972 ibidem.
881 1909 1003 1973 Altera
1029 1904 1139 1991 [dieat
1165 1908 1298 1972 scilicet

180 1999 236 2063 die
259 1997 395 2062 sabbati
405 1998 425 2073 ²,
456 1997 768 2079 transpadaverunt
792 2001 827 2061 et
851 1997 1018 2081 hospitati
1039 1998 1184 2062 fuerunt
1206 1998 1299 2061 inter

180 2088 352 2151 'Pidonum
387 2089 422 2150 et
457 2085 664 2149 Sarmatnm.
720 2085 786 2150 Die
820 2107 901 2150 vero
937 2087 1109 2150 dominica
1143 2087 1299 2168 proxima

64 2201 162 2242 naseas.
180 2177 350 2253 veniente,
382 2175 418 2238 in
448 2175 538 2239 festo
562 2176 688 2258 pasche
712 2178 928 2258 pentecostes
953 2175 1147 2240 Placentini
1169 2175 1300 2239 milites

181 2270 216 2330 et
239 2265 374 2349 pedites
397 2267 496 2348 porte
516 2264 636 2328 Sancti
652 2264 822 2327 Antonini
846 2268 881 2328 et
904 2266 1003 2347 porte
1019 2263 1116 2328 Nove
1140 2266 1176 2328 et
1200 2268 1298 2346 porte
1317 2289 1344 2327 a

181 2355 300 2418 Sancti
317 2354 496 2417 Laurentii
519 2353 562 2417 de
586 2353 727 2417 civitate
742 2353 921 2417 Placentie
945 2353 1102 2416 exierunt
1127 2356 1162 2416 et
1182 2372 1222 2416 ea
1242 2353 1298 2417 die

63 2467 161 2512 naisso
180 2445 272 2527 apud
299 2443 415 2506 villam
439 2442 588 2505 Sarmati
611 2441 887 2524 albergavernnt.
933 2441 1015 2504 Alia
1044 2441 1099 2505 die
1128 2462 1205 2505 cum
1230 2442 1299 2505 Me·

180 2531 439 2596 diolanensibns
455 2531 492 2592 in
508 2533 604 2593 costa
616 2530 835 2594 Rovorscalle
850 2533 963 2594 castra
979 2530 1039 2612 figi
1054 2533 1297 2614 preceperunt;

64 2645 162 2688 aaran.
180 2621 291 2685 altera
326 2620 381 2683 die
416 2639 476 2681 sua
507 2619 610 2681 fixere
640 2619 792 2681 tentoria
822 2619 912 2682 circa
943 2623 1093 2682 castrum
1117 2619 1296 2693 Siuriasci3

181 2710 272 2792 quod
303 2710 454 2772 castrum
478 2727 576 2769 muro
599 2706 788 2770 fortissimo
811 2708 963 2789 undique
988 2708 1238 2771 circumdatum
1263 2711 1298 2770 et
1317 2731 1345 2770 a

179 2797 330 2879 terragio
354 2815 490 2877 magne,
515 2795 558 2858 ab
582 2815 652 2857 uno
676 2796 789 2879 capite
813 2796 985 2860 caminata
1007 2816 1133 2878 magna
1149 2799 1184 2860 et
1200 2816 1298 2859 muro

179 2885 265 2948 forti
295 2889 331 2948 et
360 2883 433 2947 alto
464 2877 697 2947 circumdatab
726 2888 800 2948 erat
835 2886 1070 2948 constructum
1103 2885 1232 2968 pariter
1263 2892 1298 2948 et

180 2974 362 3036 munitum.
391 2972 486 3035 Illud
503 2973 640 3055 quidem
658 2973 854 3036 Placentini
877 2975 913 3038 et
928 2973 1203 3037 Mediolanenses
1220 2995 1298 3037 cum

180 3061 359 3145 manganis
390 3064 425 3125 et
455 3061 622 3145 predariis
651 3065 686 3125 et
709 3062 816 3144 gattis
840 3066 1124 3145 expugnaverunt
1148 3066 1183 3126 εὴ
1206 3084 1298 3125 man·

80 3177 159 3218 nar.
179 3154 404 3233 ganavernnt.
439 3150 521 3214 Alia
544 3151 609 3227 die,
634 3150 767 3214 scilicet
790 3151 845 3214 die
861 3151 1024 3215 Mercurii
1043 3152 1153 3234 primo
1171 3152 1298 3214 mensis
1317 3176 1343 3213 so

180 3239 283 3317 Iunii,
297 3244 446 3303 castrum
460 3237 670 3303 Golferentii
682 3240 888 3316 habuerunt,
903 3242 1055 3303 castrum
1067 3260 1147 3304 vero
1157 3240 1298 3303 Montis-

180 3329 268 3392 calvi
298 3331 334 3393 et
355 3331 487 3392 turrem
516 3347 677 3410 magnam
701 3331 867 3411 ceperunt
896 3349 958 3411 per
980 3328 1049 3390 vim
1057 3349 1064 3405 ;
1101 3329 1298 3392 habuerunt

179 3418 316 3499 quidem
334 3421 465 3482 turrem
489 3418 531 3480 de
549 3416 715 3499 “guarda8
737 3417 995 3493 fortissimam⁰‚
1021 3417 1171 3480 mirabili
1195 3418 1297 3480 modo
1317 3436 1408 3484 *aaa

180 3509 423 3583 constructam,
453 3508 488 3570 et
512 3525 588 3569 eam
612 3505 793 3569 diruerunt
816 3508 851 3568 et
875 3506 1120 3570 destruxerunt
1151 3509 1187 3569 et
1217 3506 1298 3569 inci-

179 3680 201 3726 a)
213 3679 318 3727 suppleat,
333 3682 356 3716 ut
370 3679 384 3720 l.
394 3678 432 3725 30,·
446 3689 487 3719 om.
500 3687 519 3716 c.
561 3675 584 3725 b)
597 3677 629 3714 sic
642 3678 728 3715 coniecit
741 3677 830 3728 11.·Br‚,
845 3679 882 3727 aar·
894 3679 982 3728 serspsit
995 3683 1045 3718 erat
1059 3676 1233 3728 clrcumdatum;
1249 3684 1299 3717 erat
1318 3674 1342 3712 35

178 3732 293 3770 circadam
306 3742 323 3773 c.
390 3729 410 3781 c)
428 3731 508 3771 emend.
522 3730 598 3776 Perta·
616 3730 736 3768 fortissima
750 3731 799 3774 mlr.
813 3730 879 3771 modo
894 3737 1021 3771 constructa
1035 3743 1054 3774 c.

181 3874 207 3940 l)
223 3872 276 3923 Leo
290 3871 429 3939 presbyter
447 3873 487 3924 tit.
506 3871 644 3925 scruas
666 3877 689 3923 et
708 3872 855 3925 Raiaerias
872 3874 1000 3926 diaconas
1017 3874 1045 3928 S.
1060 3875 1169 3925 Mariae
1187 3876 1216 3924 in
1237 3874 1299 3924 Cos·

178 3943 288 4005 medin·
306 3943 341 4006 cf.
360 3942 497 4009 epistolam
515 3942 634 3994 Honorii
646 3942 700 3996 III.
724 3944 817 3995 datam
835 3961 861 4000 a.
877 3946 953 3999 1216.
973 3946 1052 4011 Ana,
1072 3945 1137 3998 Mc.
1150 3945 1201 4011 Ep.
1215 3945 1297 4007 sear]

174 4030 204 4080 p.
218 4017 235 4069 3
248 4031 295 4080 sq„
321 4031 365 4065 nr.
382 4017 415 4073 3‚·
442 4014 477 4077 cf.
498 4013 646 4065 innocentie·
663 4013 717 4066 III.
745 4015 876 4081 epistolas,
902 4015 1024 4067 Potthast
1049 4033 1092 4070 nr.
1112 4018 1191 4070 5280.
1218 4018 1296 4069 5281.

179 4088 206 4150 2)
222 4086 296 4136 Maii
312 4087 354 4136 die
372 4087 414 4140 28.
433 4085 642 4137 Matiolnnenses
658 4085 764 4136 Padum
782 4087 895 4150 lineium
919 4088 1059 4138 transiisse
1077 4087 1199 4150 reserant
1217 4089 1296 4138 etiam
1315 4099 1342 4135 40

178 4157 265 4208 Notae
283 4157 311 4208 S.
327 4157 439 4221 Georpii
455 4155 561 4208 Medici.
576 4157 592 4210 l.
607 4156 633 4219 1.,
651 4156 699 4207 abi
716 4162 832 4222 quatuor
848 4162 941 4223 patae
954 4157 1162 4210 Mediolanenses
1180 4159 1209 4208 in
1227 4158 1297 4208 tanc

178 4229 369 4294 expeditionem
384 4227 519 4294 profectae
536 4229 686 4278 nominatae
704 4233 775 4277 sant.
834 4229 863 4293 3)
885 4226 1001 4278 Turrem
1021 4226 1054 4280 de
1073 4229 1100 4280 la
1122 4227 1170 4294 (lo)
1191 4226 1297 4295 guarda

177 4314 236 4350 cam
261 4301 358 4350 saara
382 4306 487 4364 ereptam
512 4314 565 4350 esse
589 4300 668 4348 etiam
686 4298 760 4351 Ann.
779 4297 805 4351 S.
821 4298 933 4364 Georpii
948 4299 1053 4352 Medici.
1074 4300 1091 4352 t.
1112 4300 1129 4351 t.
1148 4305 1184 4363 (et
1202 4315 1236 4349 ea·
1254 4299 1297 4349 la's

177 4369 251 4421 Ann.
269 4369 376 4424 Medici.
394 4370 474 4434 nain.)
492 4370 613 4431 tradant,
631 4369 701 4434 qaod
719 4368 769 4420 loci
786 4384 879 4422 nomen
898 4370 983 4433 faisse
1001 4386 1055 4422 noa
1073 4371 1184 4424 videtur.
