2962 4936
302 428 493 485 IOHANNIS
512 428 758 484 GODAGNELLI
777 428 957 483 ANNALES
975 429 1010 489 A.
1026 432 1102 486 1216.
1236 435 1270 488 ὃὸ

152 615 296 691 dernut3
328 616 441 677 castra
462 633 543 678 vero
574 613 730 696 predicta
760 612 940 676 similiter³
967 616 1002 676 εὴ
1027 612 1268 692 conbuserunt,
1290 620 1367 675 121&

151 704 271 767 domos
295 705 331 767 et
353 721 494 766 nemora
517 703 764 777 castanearum,
790 702 907 764 vineas
938 705 973 765 et
1003 702 1140 766 arbores
1164 706 1200 766 et
1223 723 1270 767 se·

150 795 248 873 getes
283 791 390 855 curtis
428 784 693 854 Montis-calvib
728 790 961 854 conbuserunt
999 793 1035 854 et
1072 791 1270 855 inciderunt

151 883 257 963 atque
293 881 547 956 destruxerunt,
579 878 679 942 villas
709 878 978 942 innumerabiles
1008 882 1045 943 et
1068 880 1186 943 domos
1209 901 1271 963 per

112 969 276 1033 avellem
313 967 480 1052 Crispassi
515 966 566 1032 *et
598 967 725 1030 vallem
761 966 867 1031 Verse
905 968 985 1051 igne
1020 973 1268 1046 cremaverunt,
1290 989 1374 1039 *rasa

150 1060 295 1140 segetes,
329 1057 467 1121 arbores
497 1057 695 1120 inciderunt
726 1060 761 1120 et
792 1056 1046 1120 destruxerunt.
1093 1057 1159 1122 Die
1188 1078 1269 1122 vero

150 1146 244 1211 Iovis
279 1165 356 1210 cum
387 1145 663 1209 Mediolanenses
694 1148 729 1208 et
757 1144 953 1209 Placentini
982 1166 1060 1209 cum
1091 1146 1192 1210 scalis
1221 1147 1371 1214 iu-1uaa.

150 1234 425 1299 numerabilibus
449 1237 485 1298 et
507 1234 584 1297 aliis
608 1234 761 1296 insidiis⁰
782 1235 907 1296 armati
926 1237 961 1297 et
977 1234 1164 1299 aschlerati
1180 1237 1270 1300 circa

151 1326 303 1387 castrum
327 1322 489 1386 Siuriasci
519 1326 652 1386 starent
683 1326 718 1386 et
748 1343 784 1386 se
814 1323 858 1385 ad
886 1322 1018 1386 dictum
1043 1327 1194 1386 castrum
1219 1346 1270 1389 ex·

105 1437 133 1476 ιο
151 1412 376 1496 pugnandum
401 1414 437 1475 et
460 1411 665 1494 capiendum
687 1413 919 1494 prepararent,
944 1411 1124 1475 intrinseci
1139 1416 1270 1477 terrore

151 1501 324 1576 commoti,
341 1500 498 1564 videntes
515 1520 551 1564 se
566 1521 636 1563 uon
648 1520 747 1582 posse
763 1499 921 1564 resistere
933 1521 997 1564 nec
1013 1500 1102 1563 illud
1118 1505 1268 1565 castrum

151 1589 348 1666 defendere,
378 1588 468 1652 illud
498 1589 739 1664 reddiderunt;
776 1589 868 1670 quod
899 1592 1049 1652 castrum
1080 1590 1190 1654 altera
1214 1591 1269 1655 die
1289 1612 1372 1656 aaa

151 1678 290 1761 penitus
320 1698 341 1741 a
369 1678 598 1742 fundamento
623 1679 866 1741 destruxerunt
897 1681 933 1741 et
956 1677 1146 1742 diruerunt.
1193 1678 1269 1743 Per·

150 1769 329 1831 manontes
359 1769 476 1830 autem
505 1767 540 1829 in
574 1766 751 1830 obsidione
787 1766 873 1829 dicti
905 1767 1019 1840 castri,
1055 1768 1269 1832 marchiones

106 1855 468 1940 1st1alaspine1eum
491 1855 661 1918 militibus
685 1858 783 1938 porte
799 1855 896 1919 Nove
921 1859 956 1919 et
980 1876 1055 1918 cum
1082 1857 1270 1939 sagittariis

151 1947 188 2009 et
217 1944 394 2028 peditibus
422 1943 523 2007 vallis
546 1943 687 2007 Tidonis
718 1947 754 2007 et
783 1943 883 2007 vallis
907 1944 1021 2008 Trivia
1051 1946 1095 2008 ad
1120 1949 1268 2008 castrum

149 2032 316 2117 Rumpini
338 2033 589 2115 equitaverunt.
635 2031 718 2115 Ipsa
740 2052 820 2096 vero
851 2033 906 2096 die
930 2033 1048 2116 quiin
1072 2034 1133 2097 illo
1158 2038 1270 2098 castro

150 2141 212 2205 pro
244 2122 417 2185 communi
447 2121 554 2204 Papio
585 2116 764 2198 aderantl,
795 2121 1030 2204 intelligentes
1055 2126 1089 2186 et
1122 2124 1270 2187 scientes

151 2211 194 2274 dc
223 2210 389 2294 predictis
419 2211 541 2274 castris
576 2211 695 2293 captis,
733 2230 856 2293 pavore
892 2214 927 2273 et
961 2216 1110 2274 tremore
1144 2232 1269 2294 magno

104 2323 133 2363 ro
150 2298 310 2383 pertariti
338 2299 427 2362 illud
459 2301 610 2362 castrum
639 2299 722 2381 ipsis
753 2305 788 2363 et
819 2299 992 2362 communi
1014 2298 1191 2363 Placentia
1216 2301 1269 2364 de·

151 2388 288 2452 derunt.
334 2387 379 2450 In
408 2388 505 2451 cuius
536 2388 694 2451 custodia
717 2387 789 2449 ΧΙθ
818 2387 974 2451 homines
1001 2387 1101 2450 vallis
1128 2388 1269 2452 Tidonis

174 2478 350 2541 osuerunt.
743 2540 747 2546 ¹

150 2498 173 2559 p
257 2564 324 2629 Die
348 2564 484 2629 sabbati
507 2565 662 2646 sequenti
686 2564 959 2628 Mediolanenses
984 2570 1019 2628 et
1037 2558 1266 2643 Placentinis,
1287 2588 1367 2630 nina.

149 2652 280 2717 milites
317 2657 353 2717 et
390 2653 534 2737 pedites,
574 2653 749 2717 balestarii
785 2657 820 2717 et
854 2654 1034 2736 sagittarii,
1074 2655 1199 2717 armati
1233 2658 1268 2718 et

104 2767 132 2808 ss
150 2740 336 2806 aschlerati
365 2742 575 2827 pervellem
598 2742 703 2806 Verse
733 2747 911 2818 venerunt,
941 2742 1042 2806 villas
1073 2746 1108 2806 et
1139 2744 1266 2820 domos,

150 2833 285 2914 segetes
315 2834 351 2894 et
372 2832 491 2894 vineas
520 2834 555 2894 et
585 2831 724 2895 arbores
747 2831 939 2895 incidentes
963 2835 999 2895 et
1022 2832 1266 2909 conburentes;

151 2922 188 2984 et
210 2938 251 2983 ea
274 2919 330 2984 die
362 2920 623 2984 castramentati
657 2920 755 2984 fuere
789 2920 826 2982 in
856 2919 940 2983 villa
974 2921 1017 2984 de
1042 2920 1268 3002 Bergomasco

149 3027 256 3092 prope
280 3011 429 3072 castrum
446 3008 696 3071 Montis-acuti
722 3012 757 3073 et
774 3009 976 3093 depopulati
990 3009 1134 3073 fuerunt
1151 3011 1268 3073 domos

150 3099 187 3161 ct
208 3096 319 3174 villas,
343 3097 460 3161 vineas
484 3100 520 3161 et
543 3100 676 3180 segetes
700 3103 735 3161 et
751 3097 898 3174 arbores,
923 3118 989 3179 que
1014 3102 1112 3161 erant
1134 3098 1171 3161 in
1196 3098 1269 3162 eius

104 3210 132 3253 ao
150 3184 248 3249 curia
262 3188 299 3250 et
313 3185 348 3248 in
365 3185 436 3248 illis
453 3184 634 3268 *partibus
673 3186 739 3250 Die
759 3186 931 3249 dominica
947 3187 1101 3269 proxima
1118 3190 1268 3251 castrum
1287 3173 1372 3268 {2⁸2⁰

150 3272 289 3357 Nigrini
319 3277 355 3338 et
376 3277 507 3338 turrem
530 3275 754 3338 fortissimam
778 3277 881 3356 atque
906 3275 1104 3350 caminatas,
1136 3296 1202 3357 qne
1231 3276 1268 3338 in

149 3361 212 3426 illo
241 3366 341 3427 crant
370 3366 483 3427 castro
506 3397 550 3405 —
573 3363 656 3427 licet
683 3363 772 3426 illud
802 3366 953 3425 castrum
983 3364 1020 3424 in
1050 3364 1268 3446 expeditione

150 3450 317 3515 Bosonasi
333 3454 370 3515 et
385 3451 604 3516 Rovorscalle
623 3452 747 3515 fuisset
772 3454 910 3533 captum
920 3452 941 3527 2,
965 3454 1082 3514 tamen
1106 3472 1175 3515 non
1198 3452 1268 3515 fuit

151 3538 365 3604 destructum
381 3574 434 3611 —,
459 3546 590 3604 turrem
614 3543 650 3604 et
666 3540 854 3604 caminatas
870 3540 976 3623 ipsius
993 3540 1106 3616 castri,
1131 3561 1268 3602 murum

105 3654 132 3695 ra
149 3628 317 3693 radicitus
333 3629 577 3693 destruxerunt
593 3633 629 3693 et
645 3631 909 3705 damnaverunt,
930 3633 966 3693 et
983 3650 1023 3692 ea
1039 3629 1094 3692 die
1110 3628 1269 3692 similiter

149 3838 173 3884 a)
191 3835 309 3876 dlmcruut
321 3837 354 3875 vd
369 3833 528 3876 destruxerunt
541 3838 683 3886 supplendum
697 3847 741 3875 cece
754 3837 839 3875 videtur
844 3851 852 3884 ,·
871 3838 934 3876 Perta
952 3841 1028 3875 contra
1043 3837 1171 3885 codapnezli
1184 3837 1271 3876 dicendi

149 3899 232 3929 mm
245 3889 333 3938 wapro
345 3890 460 3940 similium
475 3894 498 3930 ct
511 3891 602 3932 conbus.
656 3889 679 3939 b)
697 3891 819 3938 emendam
833 3891 962 3930 moneiscaii
976 3902 994 3930 c.
1049 3888 1071 3941 c)
1089 3890 1116 3937 cf.
1133 3888 1269 3931 ‘N.Archiv'

149 3942 215 3993 m,
225 3942 313 3991 MS&
328 3942 435 3982 machinis
450 3947 473 3982 et
483 3941 570 3982 insidiis
587 3943 690 3992 pluribus
704 3943 799 3993 obsedit,
809 3944 896 3992 2489:
911 3944 1019 3983 machinis
1033 3948 1055 3983 et
1069 3944 1171 3983 omnibus
1185 3941 1270 3983 insidiis

150 4025 156 4039 .
170 4024 178 4040 .
192 4022 200 4038 .
214 3996 351 4042 munierunt.
361 3997 447 4045 aceo:
469 3997 519 4036 aliis
538 3997 647 4036 machinis
661 4001 684 4036 et
697 3994 783 4036 insidiis
798 4026 820 4039 ..
833 4024 839 4037 .
854 3999 1000 4047 expugnavit,
1010 4010 1035 4046 p.
1044 3997 1097 4036 49³:
1117 3997 1232 4046 manganis
1247 4002 1270 4036 et

103 4048 252 4098 multatibus
271 4049 380 4089 machinis
399 4054 422 4089 et
441 4048 529 4089 insidiis
550 4054 744 4100 expugnaverunt,
766 4054 803 4092 otc.
876 4048 899 4098 d)
917 4051 1041 4098 emonam,-
1061 4050 1157 4099 intellig.
1175 4048 1270 4089 aderant

149 4102 243 4142 ruente·
256 4112 273 4144 c.
327 4101 349 4154 c)
362 4103 401 4142 XL
415 4103 495 4146 Η,-Βν,
548 4102 610 4154 Octc
623 4104 746 4141 distinctum
760 4103 782 4143 h.
798 4104 813 4141 l.
828 4104 852 4140 in
866 4114 882 4145 c.

151 4261 179 4327 1)
195 4260 351 4313 Wilhclmuc
369 4267 392 4314 et
411 4262 560 4316 conradus.
619 4264 647 4328 2)
668 4263 701 4316 A.
718 4265 794 4317 1215.
813 4278 899 4314 menae
918 4263 1010 4328 Maio;
1027 4263 1062 4326 cf.
1081 4276 1167 4328 supro
1184 4279 1211 4328 p.
1225 4263 1269 4323 48,

146 4332 315 4471 phagum
343 4332 391 4385 hoc
420 4341 538 4384 castrum
566 4333 727 4385 combretum
757 4334 843 4397 fuisse
873 4334 972 4384 dictum
1000 4340 1045 4398 est,
1075 4332 1110 4381 od
1137 4333 1208 4397 quod
1233 4332 1267 4395 cf.
