2962 4936
583 406 813 462 PRAEFATIO.
1201 408 1259 463 XV

140 591 369 658 Mart-Iun.
386 596 415 655 et
430 589 504 654 iude
519 610 616 671 usque
635 591 679 654 ad
690 612 720 655 a.
733 594 827 653 1234.
841 589 917 654 qu.
928 589 1025 671 pestis
1036 589 1260 655 desiderantur

140 701 304 762 uuuquam
327 678 463 761 scripsit,
486 680 543 743 sed
563 677 653 758 sotiis
674 678 711 742 iu
735 678 901 759 arcbetppo
924 699 980 742 suo
1003 678 1113 743 uacuis
1129 678 1249 744 relictis

140 777 177 834 ut
204 769 280 834 baec
303 774 415 851 postea
443 767 607 848 suppleret,
635 766 730 849 prius
758 787 810 831 res
839 772 983 832 111234.
1009 767 1073 831 Iul.
1097 788 1194 848 usque
1217 770 1261 833 ad

142 855 436 924 a.1235.Maium
456 862 561 938 postas
584 855 734 937 reposuit,
759 862 909 936 mortuus,
934 861 1103 938 autequam
1125 856 1162 920 id
1178 857 1262 937 quod

142 948 283 1011 notuerat
293 946 470 1027 perficeret.
515 944 554 1009 Gr.
571 945 617 1008 H.
635 944 731 1010 Pam
745 950 781 1009 ut
794 945 944 1009 tacimam
959 943 1100 1008 biautem
1115 945 1258 1027 expleret,

143 1034 270 1101 addidit
290 1055 371 1116 quae
386 1033 549 1098 Iobauues
573 1036 610 1098 de
628 1032 754 1098 Mussis
777 1035 814 1098 de
837 1032 888 1097 bis
910 1033 1043 1098 motibus
1066 1034 1181 1114 retulit,
1206 1033 1261 1115 qui

142 1125 219 1189 baec
236 1144 302 1188 uou
320 1143 359 1187 eu
375 1121 535 1186 Iobauuis
550 1121 735 1203 Godapudti
745 1121 940 1203 Auuabibus,
957 1123 1013 1186 sed
1023 1143 1061 1186 erc
1072 1122 1149 1187 abiis
1160 1144 1261 1186 auua·

143 1213 224 1278 tibus
239 1210 439 1276 Ptaceutiuis
456 1209 626 1292 deperditis
643 1210 816 1292 suscripsit.
856 1211 948 1276 Haec
964 1232 1030 1275 uou
1048 1211 1169 1292 repetii,
1192 1233 1262 1275 cum

141 1301 223 1366 mibi
235 1299 354 1366 codices
364 1321 464 1364 mauu
475 1299 586 1380 scripti
596 1301 743 1379 deesseut,
752 1299 994 1380 quibuscottatis
1003 1320 1041 1364 ea
1052 1302 1261 1365 emeudarem.

250 1389 302 1453 De
318 1387 460 1453 oratioue
482 1387 665 1470 Oodapuetti
680 1387 730 1469 epi
747 1386 800 1452 ίΝ.
818 1387 954 1452 Arcbiu'
973 1387 1074 1469 XVI,
1090 1410 1124 1469 p.
1138 1394 1201 1451 258
1216 1410 1260 1469 sa.

147 1477 210 1560 Qui
239 1477 383 1559 tiupuam
406 1475 561 1542 Latiuam
590 1498 655 1541 uou
684 1476 797 1541 metius
824 1497 919 1557 quam
949 1476 1064 1542 caeteri
1094 1477 1262 1541 aumatium

145 1566 313 1648 scriptores
347 1564 459 1630 Italici
491 1565 611 1630 saecuti
643 1565 753 1629 XIII.
787 1562 950 1646 didicerat,
986 1567 1041 1630 sed
1073 1572 1195 1631 tautum
1229 1571 1264 1629 ut

144 1654 290 1719 uotarius
308 1654 465 1734 formatas
487 1655 669 1719 tabularum
692 1654 887 1720 conscribere
904 1660 1018 1735 posset,
1043 1661 1182 1719 attamen
1202 1661 1263 1718 stu-

145 1744 223 1824 duit,
252 1750 289 1808 ut
316 1743 406 1824 copia
435 1744 599 1807 corborum
629 1749 720 1824 atque
750 1749 866 1808 oruata
889 1743 1043 1807 sermouis
1066 1744 1193 1808 tectores
1216 1745 1263 1808 de-

146 1833 282 1897 lectaret.
334 1831 412 1897 &rm
440 1831 541 1913 ipitur
564 1831 695 1897 diceudo
724 1853 843 1914 mapua
872 1838 1036 1913 appeteret,
1067 1835 1123 1897 sed
1144 1853 1265 1914 parum
1302 1857 1304 1861 ⁴

146 1921 271 2002 ualeret,
296 1922 450 1985 adductus
465 1926 518 2001 est,
542 1926 577 1985 ut
598 1920 668 1986 stito
683 1919 833 1985 iusoteuti
849 1943 887 1986 ao
902 1928 1098 1986 moustruoso
1113 1927 1262 2000 uteretur,

146 2031 207 2091 quo
223 2009 324 2074 oratio
340 2009 408 2073 eius
422 2015 546 2074 tautum
561 2032 582 2073 a
597 2008 744 2091 simplici,
768 2009 872 2092 mapis
887 2009 1004 2074 Italico
1020 2031 1116 2091 quam
1131 2009 1261 2091 Latiuo,

147 2119 288 2163 sermome
310 2097 503 2179 retiqumum
520 2097 690 2162 aumatium
708 2097 894 2162 Italicorum
909 2097 1097 2179 scriptorum
1112 2104 1266 2179 quamtum

147 2189 187 2252 ab
217 2208 251 2251 eo
281 2186 475 2251 eruditorum
505 2186 648 2251 uirorum
677 2185 767 2250 itlius
796 2186 911 2251 aetatis
943 2186 1060 2266 differt.
1112 2187 1265 2267 Quicum

146 2275 275 2357 iupeuio
291 2296 407 2356 mapuo
422 2281 514 2355 atqcue
529 2277 668 2338 ubertate
683 2275 838 2339 sermouis
853 2280 982 2355 careret,
1002 2281 1142 2339 attameu
1157 2274 1266 2340 acrius

148 2363 365 2444 timidiusque
394 2384 445 2427 res
472 2368 577 2443 postas
599 2361 773 2427 describere
795 2363 891 2443 cedet,
921 2369 1045 2427 coactus
1067 2370 1120 2445 est,
1144 2370 1179 2427 ut
1201 2385 1265 2428 sae·

142 2451 276 2534 pissime
298 2453 404 2516 eadem
427 2452 523 2515 cerba
544 2451 750 2531 flosculosque
773 2450 929 2516 oratiouis
945 2451 1084 2533 iteraret,
1108 2453 1198 2516 modo
1213 2473 1265 2516 uo

149 2539 306 2605 tariorum
341 2541 452 2604 crebra
485 2541 580 2604 uerba
613 2542 719 2605 eadem
751 2540 950 2606 declarantia
984 2542 1196 2621 accumutaus,
1230 2546 1266 2604 ut

150 2628 276 2694 diceudi
299 2628 390 2710 copia
419 2634 511 2709 atque
534 2634 649 2693 armatu
676 2650 708 2693 se
731 2635 906 2696 ostentaret.
953 2630 1067 2710 Itaque
1089 2629 1266 2711 siuputaris

149 2717 251 2782 oratio
273 2717 342 2782 eius
363 2717 451 2796 facta
474 2723 527 2798 est,
551 2724 586 2782 ut
607 2717 705 2797 facite
727 2721 858 2782 caudem
880 2717 917 2783 iu
933 2718 1075 2782 omuibus
1090 2717 1183 2783 tibris
1197 2717 1266 2783 eius

149 2827 312 2888 apuoscas.
358 2803 544 2887 Lectitarat,
574 2812 610 2870 ut
639 2828 655 2871 e
683 2806 803 2886 fabulis
833 2807 901 2872 eius
930 2807 1109 2888 didicimus,
1138 2806 1266 2872 Micam

150 2897 187 2959 de
210 2896 286 2960 bdto
310 2894 397 2960 cioiti
419 2915 548 2959 carmem
558 2896 578 2976 ¹,
603 2895 703 2959 Pauli
718 2895 848 2960 diaconi
862 2895 1032 2960 Historias
1046 2896 1266 2960 Romanorum

149 2991 179 3048 et
200 2985 496 3066 Laupobardorum,
528 2983 651 3049 Isidori
680 2984 908 3066 Etpmotopias,
939 2986 995 3050 sed
1022 2985 1161 3064 fructum
1191 2984 1266 3049 iude

150 3071 290 3136 oratioui
313 3093 389 3136 suae
411 3072 614 3154 eupobieudae
636 3094 703 3137 uou
726 3072 813 3154 cepit.

256 3161 426 3225 Armorum
453 3160 583 3225 iuitium
610 3159 819 3243 Oodapuebtus
848 3182 933 3227 more
956 3162 1216 3227 Ptaceutiuorum
1239 3168 1269 3227 et

155 3248 413 3314 Cremoueusium
434 3248 524 3314 itlius
547 3249 694 3331 temporis
724 3272 745 3313 a
775 3250 825 3314 die
848 3250 970 3315 Martii
993 3257 1045 3314 25.
1070 3250 1153 3330 fecit,
1186 3252 1269 3331 quod

149 3338 216 3418 ipse
234 3337 326 3418 dicit,
346 3359 415 3403 cum
434 3337 583 3403 scriberet
592 3360 626 3419 p.
642 3344 696 3402 73:
721 3340 864 3404 infesto
881 3341 981 3404 beate
998 3340 1141 3422 virginis
1157 3339 1266 3403 Maris

150 3430 286 3491 mutata
307 3428 377 3490 fuit
396 3428 598 3507 incarnatio,
623 3433 659 3492 et
682 3430 835 3492 cucurrit
855 3428 1091 3492 MOOXXIIL
1116 3433 1145 3491 et
1160 3450 1196 3509 p.
1215 3434 1266 3508 99,

150 3537 180 3578 a.
209 3521 312 3579 1229:
341 3537 457 3581 mense
483 3512 635 3593 (Martii)
666 3518 703 3580 in
725 3518 817 3581 festo
847 3520 965 3582 sancte
993 3518 1102 3581 Maris
1132 3520 1268 3580 mutata

149 3605 220 3669 fuit
242 3606 444 3669 incarnatio.
493 3605 556 3669 Sed
578 3626 643 3668 uou
665 3604 779 3687 ubique
801 3606 884 3670 buuc
910 3626 1027 3669 morem
1053 3603 1203 3685 seruauit,
1234 3611 1270 3668 ut

150 3716 181 3758 a.
205 3699 299 3756 1189.
326 3716 358 3774 p.
382 3701 431 3774 rs,
460 3698 554 3757 nse.
579 3715 614 3776 p.
636 3699 687 3774 23,
715 3699 809 3757 1207.
832 3716 866 3775 p.
889 3700 939 3774 31,
968 3699 1063 3757 1216.
1087 3715 1123 3775 p.
1149 3699 1200 3774 53,
1232 3692 1268 3757 m·

149 3782 264 3860 forsau
302 3781 432 3847 librarii
469 3781 520 3846 bis
558 3782 635 3846 locis
672 3803 818 3847 uumeros
855 3803 1014 3847 auuorum
1050 3789 1267 3863 corruperunt.

150 3869 288 3934 Iuitium
321 3869 507 3936 iudictiouis
546 3870 754 3952 Codapuettus
788 3893 852 3936 uou
887 3871 1108 3936 cousuetudine
1143 3871 1269 3936 Graeca

150 3979 172 4021 a
202 3958 285 4039 Sept.
312 3967 339 4040 l,
369 3960 426 4024 sed
453 3980 538 4024 more
566 3959 701 4024 Bedauo
732 3982 753 4024 a
783 3960 834 4025 die
865 3962 947 4042 Sept.
974 3967 1024 4024 24.
1057 3959 1203 4041 sumpsit,
1234 3965 1269 4023 ut

145 4052 236 4128 patet
276 4068 306 4110 a.
349 4053 443 4113 1196.
479 4069 515 4129 p.
555 4053 613 4130 22,
657 4048 713 4113 ubi
751 4071 866 4114 mense
906 4050 1116 4134 Septembri,
1162 4050 1268 4113 indic·

149 4136 245 4200 tione
279 4137 395 4200 XIIII
402 4189 408 4215 ,
449 4158 519 4201 cum
551 4137 683 4202 iudidio
712 4137 837 4202 Graeca
863 4138 942 4202 XV.
977 4136 1043 4201 iam
1076 4160 1097 4201 a
1128 4138 1209 4219 Sept.
1238 4143 1266 4199 1.

152 4328 178 4393 1)
196 4326 269 4378 Eum
287 4329 367 4379 etiam
381 4329 496 4394 Verpr'tr'r'
506 4329 646 4382 Aeneidem
664 4329 755 4395 lepisse
766 4331 802 4381 iis
814 4346 881 4397 quae
893 4331 937 4384 (Ν.
950 4330 1061 4381 Arabio'
1074 4329 1152 4396 XVI,
1166 4346 1196 4396 p.
1207 4330 1269 4394 322,

150 4415 178 4452 u.
192 4400 234 4453 10.
253 4399 380 4451 adnotavi
396 4415 449 4451 uon
463 4400 605 4468 probatur.
