2962 4936
298 461 490 516 IOHANNIS
509 459 755 515 GODAGNELLI
773 459 954 515 ANNALES
972 459 1007 515 A.
1023 464 1100 517 1229.
1217 465 1251 516 93

133 647 175 710 de
199 646 290 710 valle
313 646 406 709 Tarii
429 645 608 709 redierunt
632 648 667 708 et
691 665 731 707 ea
751 645 806 707 die
823 648 858 707 et
875 644 930 707 die
947 643 1081 708 sabbati
1106 643 1250 707 *moram
1270 606 1359 722 Ξὲξῗὲ

131 735 181 799 ibi
204 735 364 800 fecerunt
387 735 580 810 occaxione‚
605 735 687 814 quia
710 733 889 815 episcopus
905 733 1104 796 Placentie1
1128 736 1163 797 et
1186 730 1355 795 Lu.sot.1.

132 824 247 888 nensis
272 823 473 907 episcopus²
497 823 693 904 etquidem
719 822 779 885 alii
801 822 866 884 viri
889 824 1048 904 potentes
1072 842 1189 904 pacem
1215 827 1250 886 et

133 912 350 977 concordiam
374 912 465 975 inter
489 930 668 974 commuue
692 910 870 974 Placentie
894 914 930 975 et
949 911 1249 974 Pontremulenses

97 1003 248 1066 sfaeere
273 1005 308 1066 et
332 1021 524 1083 conponere
548 1000 745 1063 studebant.
784 999 1018 1082 Percipientes
1043 1002 1158 1062 autem
1176 999 1249 1063 Pla·

133 1090 265 1154 centini
294 1091 385 1172 quod
415 1090 616 1172 inceperant
651 1089 695 1151 ad
730 1088 858 1151 exitum
889 1088 1030 1151 minime
1062 1089 1250 1172 perducere

133 1199 241 1263 posse,
266 1182 342 1241 tum
359 1182 499 1262 propter
514 1178 613 1260 panis
629 1177 818 1260 penuriam,
836 1180 911 1240 tum
928 1181 1068 1259 propter
1084 1197 1250 1259 aquarum

133 1268 407 1341 inundationem,
443 1267 498 1330 die
533 1266 706 1329 dominica
740 1266 906 1348 sequenti,
943 1267 1093 1329 secundo
1124 1268 1250 1329 mensis
1270 1282 1355 1330 Sere&

134 1357 346 1441 Septembris
369 1360 448 1440 post
471 1356 663 1438 prandium,
688 1355 829 1418 licentia
846 1355 985 1417 domum
1001 1355 1158 1418 rediendi
1175 1375 1249 1418 con-

91 1466 237 1521 ncesse,
262 1445 357 1509 illico
380 1445 447 1508 iter
470 1464 588 1508 eorum
611 1447 704 1508 retro
728 1444 969 1525 aggredientes
989 1445 1033 1506 ad
1050 1445 1186 1527 propria
1201 1464 1249 1506 re·

133 1535 206 1599 dire
229 1535 492 1610 festinaverunt,
520 1554 590 1596 non
613 1533 827 1596 solummodo
851 1533 949 1615 panis
973 1533 1117 1614 penuria
1140 1553 1249 1614 neque

133 1644 300 1706 aquarum
333 1623 570 1698 inundatione,
607 1622 666 1685 sed
702 1621 813 1684 cordis
849 1626 884 1684 et
918 1622 1025 1685 animi
1058 1622 1249 1686 debilitate.

133 1713 235 1777 Unde
264 1712 412 1776 dedecus
443 1711 573 1795 pariter
604 1715 639 1773 et
669 1710 891 1792 obprobrium
915 1711 1092 1774 Placentie
1116 1711 1250 1774 civitati

133 1805 302 1885 perpetuo
326 1802 564 1882 consequetur.
612 1799 667 1862 Sic
692 1799 783 1863 enim
806 1799 896 1863 iuste
921 1800 989 1862 dici
1014 1803 1143 1883 potest:
1174 1799 1250 1862 ‘Pro

92 1911 116 1951 a
134 1890 248 1954 dolorl
275 1891 352 1966 heu,
378 1889 463 1952 heu!
488 1888 640 1969 undique
665 1891 747 1950 sunt
769 1889 929 1969 angustie
946 1893 981 1952 et
996 1889 1249 1963 tribulationes,

133 1979 299 2053 ululatus,
333 1978 482 2061 gemitus
517 1980 552 2040 et
582 1977 747 2060 ploratus,
782 1977 862 2059 quia
895 1978 1005 2041 virtus
1036 1978 1185 2061 corporis
1216 1981 1251 2040 et

133 2069 241 2132 animi
275 2067 460 2151 prudentia
493 2066 541 2129 sio
577 2069 629 2130 est
660 2086 680 2128 a
711 2066 841 2129 civibus
872 2066 1049 2129 Placentie
1083 2071 1250 2130 recessui,

134 2157 302 2221 Videntes
333 2161 368 2219 et
401 2155 642 2219 indubitanter
675 2159 920 2238 cognoscentes
951 2155 1252 2219 Pontremulenses

132 2246 291 2309 inimicos
314 2247 449 2308 nostros
473 2244 516 2308 ab
540 2244 699 2308 omnibus
722 2244 796 2307 fore
825 2243 1016 2319 derelictos,
1050 2243 1249 2307 conscilium

91 2335 264 2418 asperiter
287 2337 322 2398 et
346 2333 511 2397 auxilium
535 2353 646 2415 neque
669 2332 777 2395 ullam
801 2333 933 2414 copiam
962 2332 1172 2396 defendendi
1196 2333 1252 2394 ha·

134 2424 266 2488 bentes.
315 2421 513 2506 Cogitemus
535 2422 644 2504 igitur
668 2423 800 2504 predas,
824 2421 971 2504 rapinas,
1004 2422 1249 2505 oppressiones,

134 2514 335 2588 castrorum,
360 2512 514 2575 locorum
530 2511 729 2573 amissiones
745 2503 876 2593 primob
897 2511 1076 2587 sustinere,
1102 2510 1251 2573 dedecus

134 2607 171 2665 et
194 2601 414 2684 obprobrium
441 2601 522 2682 pati,
554 2620 656 2682 quam
688 2620 783 2662 arma
811 2599 1048 2664 bellicavelle
1073 2599 1250 2663 exercere’.

242 2688 531 2764 MOOXXVHH,
564 2688 753 2751 indictione
777 2689 937 2766 secunda,
963 2689 1144 2752 demenso
1169 2687 1252 2749 lulii
1272 2711 1316 2749 ruz.

92 2798 117 2838 ss
135 2779 371 2843 Bononienses
410 2781 586 2860 tamquam
624 2778 689 2839 viri
727 2779 914 2860 prudentes
961 2781 996 2842 et
1041 2777 1253 2861 magnanimi

135 2867 294 2951 superbie
318 2870 354 2931 et
376 2867 531 2948 nequitie
550 2866 799 2930 Mutinensium
823 2867 1040 2930 inimicorum
1065 2888 1181 2930 eorum
1205 2887 1253 2929 re·

135 2957 257 3020 sistere
278 2955 444 3030 volentes,
470 2956 657 3019 exercitum
681 2976 844 3038 magnum
868 2956 1017 3018 militum
1035 2958 1070 3019 et
1086 2956 1251 3039 peditum,

135 3044 399 3109 balestariorum
425 3048 460 3107 et
483 3044 724 3127 sagitariorum
749 3043 799 3107 *et
823 3044 980 3108 universe
1004 3045 1117 3128 gentis
1141 3065 1201 3108 sue
1218 3048 1253 3108 et
1273 3070 1361 3117 saera.

136 3134 323 3197 amicorum
355 3154 472 3197 eorum
503 3133 617 3196 facere
648 3136 910 3216 proposuerunt,
945 3137 1073 3196 terram
1108 3154 1252 3215 quoque,

91 3243 118 3282 ao
136 3223 213 3286 looa
237 3225 272 3285 et
296 3225 409 3285 castra
432 3242 549 3285 eorum
574 3222 761 3294 destruere,
787 3221 974 3285 conburere
999 3225 1035 3285 et
1051 3222 1255 3304 depopulari

137 3312 325 3394 cupientes.
373 3310 449 3389 Quo
484 3311 535 3373 ita
565 3313 707 3383 statuto,
742 3310 875 3392 legatos
908 3311 997 3372 viros
1028 3310 1161 3373 nobiles
1192 3310 1255 3372 Ra·

137 3421 269 3475 venam,
295 3399 485 3474 Ferentium,
518 3399 664 3462 Imolam
689 3402 723 3462 et
747 3400 790 3461 ad
815 3399 901 3462 alios
925 3398 1051 3462 amicos
1076 3418 1194 3461 eorum
1218 3398 1256 3460 il·

137 3489 248 3552 larum
274 3489 425 3570 partium
453 3489 661 3564 direxerunt,
696 3488 867 3551 instantes
898 3495 933 3551 et
963 3488 1055 3569 ipsos
1086 3506 1127 3549 ex
1157 3489 1255 3569 parte

137 3578 327 3642 communis
358 3577 513 3642 Bononie
549 3579 740 3653 exorantes,
775 3579 815 3639 ut
850 3596 926 3640 cum
962 3576 1056 3638 omni
1086 3579 1189 3658 gente
1220 3580 1255 3637 et

93 3667 245 3731 retortia
274 3686 390 3730 eorum
421 3666 459 3728 in
482 3686 680 3729 succursum
706 3669 741 3729 et
764 3665 953 3730 subsidium
980 3665 1169 3728 communis
1194 3663 1254 3725 Bo·

137 3755 241 3818 nonie
270 3755 478 3819 festinanter
508 3755 670 3819 accedere
701 3754 876 3818 deberent,
930 3752 998 3831 Qui
1032 3773 1149 3816 omnes
1184 3773 1255 3815 suc-

86 3865 119 3906 n.
137 3863 275 3908 cursum
295 3846 330 3906 et
346 3843 538 3907 subsidium
563 3842 649 3906 *esse
666 3844 808 3907 daturos
824 3843 977 3926 plenarie
993 3843 1255 3926 responderunt.

138 3931 251 3997 Simili
285 3934 387 3995 modo
418 3932 656 3995 ambaxatores
683 3932 773 3995 viros
805 3925 968 4014 [nobilesc
1004 3935 1039 3995 et
1069 3932 1256 4014 prudentes

137 4021 314 4085 societatis
348 4015 552 4101 Loubardiel
587 4021 779 4084 rectoribus
817 4023 853 4084 et
886 4040 947 4104 per
980 4038 1256 4101 unamquamque

91 4191 120 4229 40
138 4195 160 4241 a)
173 4194 205 4232 stc
218 4204 236 4236 c.
289 4192 314 4245 b)
328 4194 400 4242 primo
410 4204 456 4243 pro
469 4194 531 4241 prius
546 4193 611 4232 etiam
625 4194 687 4241 infra
697 4205 721 4242 p.
730 4193 764 4242 96,
779 4193 793 4234 l.
803 4193 835 4234 83.
845 4196 883 4233 etc.
947 4191 968 4243 c)
982 4193 1042 4231 uncis
1055 4192 1138 4230 {sclusa
1152 4191 1256 4238 supplevi,

137 4257 186 4285 cum
199 4247 252 4286 hacc
261 4247 307 4294 (cre
316 4247 396 4286 omissa
410 4257 454 4286 csse
468 4247 519 4284 aliis
533 4247 584 4285 locis
598 4248 683 4286 collatis
696 4249 818 4294 appareat·
836 4246 864 4293 cf.
877 4256 946 4294 seqrra
955 4257 983 4294 p.
993 4246 1027 4293 83,
1042 4246 1056 4287 l.
1064 4245 1096 4287 20.
1110 4246 1136 4282 24
1145 4254 1175 4293 sq.
1186 4255 1211 4292 p.
1222 4244 1256 4292 89,

138 4301 153 4342 l.
162 4301 197 4343 ³1.
206 4311 230 4349 p.
240 4301 275 4350 90,
290 4301 305 4339 1.
317 4300 356 4347 29,
370 4301 432 4348 infra
442 4311 468 4347 p.
478 4301 525 4348 109,
540 4301 555 4341 l.
566 4302 586 4342 9.
601 4302 632 4343 11.
647 4301 680 4342 12.

139 4443 167 4510 1)
188 4442 379 4496 Vindomium.
450 4441 479 4510 2)
501 4442 664 4496 Gcillclmus.
