2962 4936
237 434 272 486 64
362 428 554 484 IOHANNIS
572 427 819 483 OODAGNELLI
838 426 1018 481 ANNALES
1036 427 1071 482 A.
1086 430 1164 483 1217.
1184 431 1263 485 1218.

142 622 218 674 1217.
237 615 456 678 intraverunt
478 614 661 676 interram
681 611 928 683 Parmensium,
953 611 990 673 in
1013 611 1170 694 partibus
1194 611 1358 677 videlicet

238 702 476 766 Montis-salsi
499 704 535 764 et
551 699 661 775 Greci,
685 699 786 763 villas
810 720 944 782 quoque
964 703 1000 763 et
1019 700 1147 777 domos,
1172 720 1239 783 que
1260 705 1357 764 erant

238 793 275 854 in
309 792 393 874 ipsis
428 790 541 863 curiis,
581 789 815 852 conbuserunt
850 791 886 852 et
923 792 1073 851 castrum
1108 789 1289 852 Rudiliani
1324 794 1358 854 et

239 881 391 956 domos&
416 899 481 961 que
512 882 610 942 erant
641 879 731 941 circa
761 875 916 950 Corvnm,
948 876 1182 941 conbuserunt
1213 881 1249 941 et
1278 879 1358 961 igne

239 972 487 1041 cremaverunt,
505 972 540 1031 et
556 971 640 1030 tunc
654 967 851 1029 habuerunt
864 969 899 1029 et
912 969 1078 1048 ceperunt
1090 966 1188 1029 LXX
1201 967 1358 1032 homines
1379 991 1391 1029 s

162 1085 219 1132 aas.
238 1057 376 1120 illarum
409 1056 572 1139 partium.
628 1055 756 1118 Eodem
793 1074 908 1118 mense
933 1054 1179 1118 Vicedominus
1215 1056 1358 1120 ecclesie

238 1145 416 1209 Placentie
428 1144 623 1227 prepositus
635 1143 671 1205 in
684 1143 881 1226 episcopum
894 1142 1072 1207 Placentie
1088 1143 1159 1206 fuit
1171 1137 1328 1208 eleiatus
1337 1145 1357 1207 ¹.

130 1224 218 1333 'sffi
346 1226 614 1297 *MCCXVIILb
638 1231 722 1295 Otto
739 1232 970 1295 Romanorum
993 1232 1181 1315 imperator
1204 1233 1293 1296 obiit
1316 1234 1358 1297 de

97 1350 152 1388 naci
162 1351 219 1399 (19).
238 1343 353 1386 mense
376 1323 495 1386 Madii.

345 1410 602 1487 Mooxvrw,
627 1409 816 1472 indictione
833 1408 893 1486 VI,
914 1409 950 1471 in
970 1409 1152 1473 consulatu
1169 1411 1359 1475 Presbiteri
1377 1435 1400 1473 ιο

239 1500 348 1575 Οααὶα,
380 1500 500 1564 Iacobi
530 1501 573 1562 de
604 1498 886 1581 Bona-corigia2,
919 1497 1082 1561 Gandulfi
1115 1499 1157 1562 de
1188 1499 1357 1574 Fontana,

237 1589 384 1652 Petratii
407 1582 659 1663 Pasacalded·³‚
684 1586 821 1651 Alberti
845 1588 887 1651 de
911 1587 1127 1664 Montecuco,
1152 1588 1236 1651 Sani
1255 1588 1359 1652 Surdi

238 1682 273 1741 et
308 1677 458 1741 Roclerii
493 1676 682 1753 Bonefacii‚
723 1675 902 1739 consulum
926 1676 1131 1739 communis
1168 1676 1356 1753 Placentie,

128 1786 189 1828 rar.
200 1787 219 1827 1.
239 1766 323 1829 dicti
355 1765 512 1830 consules
543 1766 634 1830 circa
657 1764 736 1828 Kal.
761 1764 941 1827 Februarii
969 1767 1153 1848 treuguam
1177 1786 1256 1829 cum
1281 1767 1358 1830 Par-

239 1854 413 1918 mensibus
445 1857 480 1918 et
510 1853 796 1918 Cremonensibus
825 1853 1006 1916 voluntate
1037 1855 1251 1935 quorundam
1284 1855 1358 1919 Pla·
1376 1877 1400 1916 a

106 1963 220 2012 (amc).
239 1943 351 2007 oentie
386 1943 512 2007 civium
547 1947 606 2007 ac⁰
643 1941 805 2007 conscilio
844 1943 1066 2006 sacramentis
1101 1943 1326 2008 firmaverunt
1335 1945 1356 2005 ⁴.

239 2032 367 2096 Verum
392 2033 473 2115 quia
495 2033 570 2115 ipsa
592 2035 742 2115 treugua
764 2024 914 2112 absquef
933 2051 1101 2095 consensu
1125 2036 1161 2095 et
1175 2030 1357 2097 voluntate

239 2121 425 2184 amicorum
450 2123 644 2185 nostrorum
660 2119 850 2183 Mediolani
874 2124 910 2183 et
933 2120 1084 2184 civitatis
1100 2120 1278 2185 Placentie
1302 2143 1357 2205 po·

238 2209 314 2293 puli
329 2214 365 2274 et
380 2232 482 2293 quam
499 2211 673 2294 pluriumg
687 2209 856 2272 nobilium
873 2209 1026 2273 eiusdem
1043 2209 1193 2272 civitatis
1205 2210 1357 2273 virorum

238 2299 334 2363 facta
347 2300 472 2377 fuerat,
490 2301 581 2382 quod
597 2299 642 2362 ad
658 2298 880 2381 obprobrium
897 2302 932 2361 et
945 2300 1188 2362 detrimentum
1204 2299 1357 2363 eiusdem
1376 2324 1401 2363 a

239 2388 389 2453 civitatis
403 2392 438 2453 et
450 2390 637 2452 amicorum
650 2390 845 2450 nostrorum
859 2390 1014 2469 spectare
1026 2386 1218 2463 videbatur,
1235 2388 1357 2471 ingens

222 2478 362 2542 seditio
396 2479 489 2541 inter
522 2477 689 2559 populum
725 2478 760 2540 et
789 2477 961 2557 predictos
993 2475 1149 2539 consules
1179 2479 1357 2540 eteorum

239 2586 400 2648 sequaces
431 2569 483 2629 est
513 2569 642 2629 exorta.
696 2563 783 2626 Cum
814 2568 930 2628 autem
960 2564 1027 2647 ipsi
1061 2564 1219 2629 consules
1255 2585 1357 2649 super

239 2655 395 2737 predicta
424 2658 571 2736 treugua
605 2653 765 2717 iacienda
799 2646 1005 2734 procedereh
1031 2652 1170 2730 vellent,
1208 2654 1357 2737 populus

239 2747 274 2806 et
308 2742 442 2806 nobiles
477 2742 627 2805 civitatis
662 2740 840 2804 Placentie
874 2742 939 2804 viri
973 2743 1032 2824 qui
1070 2763 1147 2805 cum
1183 2763 1223 2806 eo
1259 2748 1400 2808 etanta

239 2830 439 2894 societatem
451 2830 592 2894 insimul
604 2830 827 2894 sacramentis
840 2834 1040 2894 contraxere
1053 2834 1088 2894 et
1101 2831 1355 2909 coroboravere

239 2921 433 2983 statuentes
464 2925 499 2983 et
529 2920 751 2982 adfirmantes
780 2919 889 3001 ipsam
920 2923 1102 3001 treuguam
1132 2919 1231 2983 nullo
1255 2922 1357 2985 modo

239 3009 371 3070 firmam
396 3011 431 3070 et
454 3011 564 3071 ratam
588 3009 715 3072 habere
735 3011 771 3072 et
789 3009 984 3071 omnimode
1002 3008 1112 3091 ipsam
1131 3003 1356 3093 infringerei.

240 3096 493 3178 Cognoscentes
517 3097 584 3180 ipsi
607 3097 764 3161 consules
787 3096 866 3160 illos
887 3098 928 3160 de
948 3091 1136 3161 societatek
1154 3097 1197 3160 ab
1217 3098 1356 3181 incepto

238 3184 403 3250 desistere
435 3187 602 3262 nolentes,
636 3187 695 3250 sed
729 3186 838 3268 magis
867 3186 1043 3268 magisque
1067 3186 1257 3250 efficaciter
1278 3187 1357 3249 insi·
1375 3213 1400 3252 ao

238 3276 383 3350 stentes;
421 3297 498 3339 cum
532 3279 649 3340 autem
682 3276 742 3338 diu
776 3294 878 3356 super
910 3275 1125 3357 propositum
1160 3294 1278 3339 eorum
1311 3275 1356 3338 la·

238 3363 425 3442 borassent,
461 3386 525 3430 nec
560 3366 604 3428 ad
635 3365 738 3427 finem
770 3364 956 3446 perducere
987 3383 1085 3446 posse
1114 3364 1355 3447 percipientes,

237 3566 250 3594 a
278 3553 395 3595 Rudilinnl
418 3557 491 3596 locum
513 3559 540 3595 ct
560 3555 674 3603 Verani,
699 3558 807 3603 petram
828 3553 924 3594 Cornam
950 3554 1013 3596 Gaio,
1032 3554 1147 3602 Flamma,
1170 3553 1252 3602 Μααὲρ,
1273 3565 1291 3596 c.
1308 3554 1356 3596 250.

237 3608 251 3646 b
281 3609 312 3646 sic
325 3609 346 3646 P
356 3613 376 3647 ct
390 3609 454 3652 Gaio.
466 3610 570 3647 Flamma
574 3621 583 3656 ,·
603 3607 758 3650 Mccxvml.
773 3618 789 3650 c.
857 3606 877 3658 α)
897 3608 928 3646 cic
945 3609 1096 3655 corripendum
1110 3617 1154 3646 ecce
1167 3608 1212 3645 iam
1227 3617 1254 3645 ec
1267 3617 1357 3646 numero

238 3662 361 3700 indictionis
375 3666 478 3711 apparot,¹
493 3661 641 3701 Mccxvlm
651 3672 681 3709 ας
695 3662 800 3703 Pailaair.
814 3662 927 3699 adnotavit
941 3663 964 3699 in
978 3665 1041 3699 cartu
1050 3661 1145 3710 quadam
1155 3661 1251 3708 Ropistri
1262 3662 1357 3708 prandia
1374 3657 1399 3698 35

236 3715 367 3763 Placentini,
389 3716 412 3752 in
432 3727 475 3764 qun
495 3719 602 3764 sequenter
621 3715 716 3754 comuicc
736 3715 800 3752 huiuc
821 3715 874 3752 anni
893 3715 1001 3752 nominati
1019 3718 1075 3763 cunt,
1097 3725 1178 3752 annum
1198 3715 1357 3753 incarnationis

237 3766 391 3807 Mocxvnn.
402 3779 447 3816 pro
456 3767 600 3810 MOCXVIII.
614 3769 718 3816 scriptum
731 3778 782 3817 csse,
797 3778 838 3816 qno
848 3768 942 3816 Godana.
952 3769 1032 3806 adduci
1041 3769 1153 3816 potuisset,
1168 3770 1191 3804 nt
1201 3767 1257 3805 idem
1266 3768 1355 3815 faceret,

237 3823 257 3857 ct
270 3819 332 3862 Gaio.
346 3821 449 3860 Flamma
463 3823 570 3871 quadam
587 3832 615 3860 αα
632 3822 764 3870 sequentihus
782 3825 882 3869 accipio
898 3821 980 3870 Μααίρ,
995 3832 1011 3864 c,
1021 3821 1066 3864 252,
1081 3822 1111 3859 nd
1125 3832 1147 3863 α.
1158 3820 1218 3862 1219.
1231 3820 1302 3870 habet,
1319 3821 1356 3858 scd

237 3873 286 3914 Ich.
295 3874 321 3911 de
331 3874 414 3912 Murcia
423 3876 540 3918 almodo.
550 3875 610 3924 1218,
620 3875 731 3923 Aynccari
735 3875 915 3923 pnnctcrnadn.
927 3875 985 3916 1219.
1035 3872 1058 3924 d)
1072 3871 1189 3922 pasataldc
1203 3885 1220 3916 c.
1271 3876 1291 3922 e)
1306 3878 1331 3913 nt
1339 3885 1356 3915 c.

237 3927 255 3972 f)
273 3927 342 3976 suppl.
357 3928 420 3965 Perta
433 3931 456 3966 nt
470 3929 532 3974 infra
542 3928 609 3977 aiio,
629 3929 680 3973 l.2‚·
701 3939 741 3969 om.
756 3939 786 3975 c.,·
807 3928 855 3966 sinc
869 3927 949 3970 E-Br.
1016 3926 1040 3979 g)
1062 3927 1185 3974 emendand-
1205 3926 1325 3976 plurlmum
1339 3937 1356 3969 c.
1373 3933 1398 3972 40

237 3979 260 4027 h)
280 3978 377 4030 poedore
390 3979 528 4030 (precedere)
542 3992 559 4024 c.
613 3980 630 4032 ἰ)
644 3982 723 4023 emend.
737 3981 829 4029 Η.·Βν.;
843 3981 950 4030 lnflngere
964 3991 981 4024 c.
1035 3979 1059 4030 k)
1073 3981 1156 4020 soclcia
1169 3991 1188 4021 c.

239 4121 266 4188 1)
285 4122 329 4186 Cf.
342 4121 462 4175 Honorii
478 4124 581 4175 litteras
598 4125 677 4176 dotas
694 4122 923 4189 a.1217.0n.5,·
945 4123 1067 4174 Poithaat
1084 4139 1128 4177 nr.
1141 4123 1219 4176 5607.
1274 4122 1303 4188 2)
1322 4121 1356 4172 de

237 4189 312 4244 Mala
331 4193 434 4263 corigia
458 4195 557 4246 dicitnr
575 4196 605 4246 in
627 4201 704 4246 corta
721 4195 802 4258 infra
819 4211 847 4247 n.
861 4197 885 4249 4.
906 4196 1026 4248 lundata.
1105 4194 1133 4260 3)
1149 4191 1356 4248 Passaculderia

237 4265 268 4313 in
285 4265 355 4315 dicto
374 4273 450 4317 carta
468 4272 581 4321 vocatus.
689 4265 717 4333 4)
742 4266 825 4318 Coria
851 4267 881 4318 dc
906 4268 1065 4317 iuramentis
1083 4265 1254 4316 indutiarum
1273 4264 1356 4316 dccem

237 4350 372 4387 annornm
397 4337 479 4400 fadis
503 4339 559 4388 iam
578 4338 638 4392 Ian.
657 4340 697 4393 18.
724 4339 789 4389 dcta
814 4344 859 4404 cst,
887 4337 1010 4402 Bdhmcr,
1029 4338 1097 4388 Actu
1115 4336 1184 4400 Imp.
1199 4351 1229 4400 p.
1243 4337 1294 4389 641
1308 4351 1355 4400 αα,
1373 4351 1399 4389 45

236 4422 281 4461 nr.
295 4410 354 4462 933.
