2962 4936
200 379 235 430 40
361 371 550 428 IOHANNIS
569 370 816 427 CODAGNELLI
835 370 1017 425 ANNALES
1036 370 1072 427 A.
1088 374 1165 428 1212.

103 570 181 624 1212.
308 557 354 620 Et
384 558 504 621 ecdem
535 576 625 620 anno
653 555 723 619 fuit
754 576 871 619 aarum
902 559 1049 639 tempus,
1082 556 1133 618 ita
1163 555 1256 638 quod
1287 555 1324 618 in

201 647 350 712 sextario
368 645 538 709 frumenti
554 644 703 709 dabatur
719 644 790 708 VII
807 644 868 708 sol.
893 646 930 708 et
952 643 1030 728 plus
1054 646 1090 708 et
1112 644 1148 706 in
1172 644 1323 709 sextario

201 735 315 800 siculis
331 734 383 798 VI
407 734 467 798 sol.
493 737 528 798 et
552 733 630 817 plus
654 736 689 797 et
711 733 749 795 in
773 733 921 798 sextario
944 732 1032 795 milii
1055 732 1136 795 IIII
1160 732 1248 796 soll.

32 845 180 894 maana.
308 824 375 888 Die
398 828 515 887 autem
530 822 675 886 Veneris
690 821 816 884 XIIII.
841 822 967 885 mensis
983 820 1089 884 Iulii2
1105 821 1218 885 dictus
1235 843 1323 905 puer

202 913 244 978 de
268 912 407 977 Scicilia
437 933 515 976 cum
545 911 661 995 legato
692 910 817 974 summi
838 909 1034 994 pontificis³
1063 913 1099 974 et
1122 911 1358 977 marchiones

201 1003 244 1066 de
275 1000 555 1066 Monte-ferat04
589 1003 625 1063 et
658 999 783 1064 comite
814 1000 857 1064 de
888 998 1015 1063 Sancto
1047 998 1251 1063 Bonifaci0⁵
1286 1005 1322 1066 et

201 1090 419 1174 Papiensiurn
456 1110 495 1153 ac
532 1087 811 1153 Cremonensium
851 1086 998 1169 legatisl
1036 1109 1075 1151 ae
1114 1088 1322 1172 quibusdam

201 1179 278 1243 aliis
294 1179 440 1243 Ianuam
463 1178 569 1242 exivit
592 1180 628 1242 et
651 1197 712 1262 per
727 1176 1060 1241 Mentem-feratum
1076 1180 1112 1242 et
1128 1198 1189 1261 per
1204 1180 1321 1261 partes

200 1267 279 1332 illas
302 1269 346 1332 ad
363 1268 540 1332 civitatem
556 1268 621 1330 Ast
637 1265 796 1342 accessit;
822 1265 946 1331 deinde
969 1265 1037 1330 iter
1060 1286 1161 1329 suum
1177 1266 1321 1350 Papiam

32 1375 182 1425 ainau).
201 1357 257 1421 die
273 1357 416 1422 Veneris
439 1356 503 1420 XI.
527 1356 605 1419 Kal
631 1354 804 1438 Augusti⁶
827 1354 961 1418 direxit.
1002 1353 1070 1433 Qui
1093 1355 1136 1418 ab
1161 1355 1320 1419 universo
1341 1381 1366 1418 ιο

201 1446 293 1511 clero
317 1450 352 1510 et
371 1445 540 1510 militibus
557 1447 592 1508 et
609 1443 784 1528 peditibus
800 1443 953 1507 eiusdem
971 1443 1121 1507 civitatis
1137 1444 1320 1526 magnifice

201 1540 236 1599 ct
260 1536 422 1600 decenter
444 1534 515 1598 fuit
537 1538 706 1616 receptus,
732 1531 877 1616 pallium
901 1551 1104 1616 supereum
1129 1537 1319 1616 portantes,

199 1629 240 1688 ut
272 1625 313 1688 de
344 1623 594 1687 consuetudine
624 1620 813 1706 imperialis
844 1624 897 1684 est
929 1620 1195 1703 magnItudinis;
1229 1621 1320 1685 affir-

201 1716 334 1776 mantes
359 1711 604 1776 Cremonenses
635 1714 671 1774 et
693 1709 878 1793 Papienses
908 1712 943 1773 et
966 1710 1119 1773 marchio
1144 1710 1186 1774 de
1209 1709 1320 1776 Heste

201 1804 237 1866 et
259 1801 396 1886 publice
421 1801 584 1874 dicentes,
616 1799 707 1881 quod
737 1799 849 1882 ipsum
880 1819 1025 1882 puerum
1054 1799 1169 1882 palam
1194 1801 1229 1863 et
1259 1819 1321 1884 per
1341 1826 1366 1864 rs

200 1889 270 1952 vim
294 1909 371 1952 cum
395 1909 512 1953 eorum
536 1888 655 1951 amicis
678 1890 799 1951 contra
825 1887 978 1950 omnium
1001 1887 1155 1951 fidelium
1181 1885 1320 1952 Ottonis

200 1977 416 2043 invictissimi
462 1976 679 2061 imperatoris
726 1969 986 2059 [voluntatemb]
1035 1976 1237 2040 Cremonam
1285 1980 1320 2042 et

200 2067 392 2130 Veronam⁰
421 2060 585 2143 ducent⁴¹3
617 2066 709 2148 quod
732 2065 919 2150 plurimum
943 2064 1261 2130 Mediolanensibus
1285 2071 1320 2131 et

201 2154 413 2220 Placentinis
432 2156 570 2220 videtur
585 2175 689 2238 grave
705 2158 741 2218 et
757 2154 940 2218 molestum
957 2157 1016 2217 ace
1036 2153 1318 2219 intollerandum.

200 2243 246 2306 Mt
262 2245 343 2327 quia
358 2245 422 2310 hec
435 2237 577 2309 contraf
596 2244 788 2307 maiestatis
804 2242 1044 2307 excellentiam
1061 2263 1134 2308 esse
1147 2243 1318 2322 videntur,
1339 2271 1366 2308 n

199 2333 266 2417 ipsi
288 2333 564 2399 Mediolanenses
594 2333 779 2396 admodum
812 2326 1020 2415 [commotiss]
1052 2332 1182 2416 pariter
1212 2336 1248 2396 et
1270 2333 1320 2396 in·

200 2422 335 2505 dignati
372 2423 466 2487 foras
504 2443 603 2486 suum
643 2425 820 2486 extraxere
858 2421 1039 2484 oarocium.
1098 2420 1199 2486 Unde
1234 2422 1320 2486 dieti

199 2511 475 2575 Mediolanenses
506 2514 541 2575 et
564 2510 761 2575 Placentini
791 2509 928 2593 egregie
958 2509 1091 2574 bellicis
1119 2511 1223 2574 armis
1246 2530 1319 2594 pre·

200 2601 321 2682 parati,
353 2599 540 2683 imperialis
571 2598 650 2662 aule
680 2598 880 2673 fidelissimi,
915 2619 992 2662 oum
1023 2599 1183 2663 universa
1212 2599 1320 2663 fortia

200 2709 327 2764 eorum,
342 2687 493 2750 militum
506 2690 541 2752 et
552 2687 718 2771 peditum,
730 2687 985 2770 sagittariorum
998 2693 1034 2752 et
1043 2687 1317 2765 balestariorurn‚
1337 2714 1364 2751 aa

201 2776 303 2841 dictis
327 2775 613 2840 Cremonensibus
644 2778 679 2839 et
703 2775 929 2859 Papiensibus
958 2780 993 2839 et
1016 2777 1175 2841 omnibus
1199 2798 1318 2841 eorum

97 2886 127 2930 *.
164 2895 180 2930 c.
200 2865 319 2929 amieis
330 2865 527 2929 volentibus
542 2866 654 2949 ipsum
673 2884 816 2948 puerum
833 2864 947 2947 palam
961 2864 1100 2929 *ducere
1114 2864 1318 2930 Cremonam

199 2955 237 3016 in
266 2955 469 3018 commitatu
493 2954 666 3017 Laudensi
695 2954 739 3017 ad
763 2953 903 3017 Lambri
932 2954 1118 3018 transitum
1148 2954 1203 3019 vel
1233 2954 1319 3019 alibi

199 3043 307 3106 tensis
331 3042 454 3126 aquilis
477 3043 625 3107 viriliter
648 3043 807 3107 resistere
830 3045 934 3125 atque
957 3043 1025 3106 iter
1048 3064 1165 3107 eorum
1189 3047 1224 3108 et
1246 3065 1318 3127 per-

200 3152 319 3195 sonam
335 3133 432 3215 pueri
448 3133 643 3196 omnimode
658 3132 825 3216 impedire
842 3136 1094 3214 proposuerunt
1110 3126 1166 3197 eth
1185 3133 1316 3197 dietum
1338 3162 1364 3198 aa

200 3240 343 3304 puerum
374 3241 435 3305 per
464 3222 534 3285 vim
564 3221 716 3305 recipere
747 3240 854 3304 posse,
887 3240 987 3283 suum
1016 3221 1109 3285 foras
1140 3226 1318 3287 extraxere

200 3311 388 3387 carosium3
419 3311 479 3375 sed
502 3332 569 3394 que
592 3310 704 3374 verbis
728 3310 899 3385 dixerunt,
931 3309 1034 3373 factis
1057 3310 1237 3374 observare
1261 3332 1317 3375 no-

95 3423 180 3464 nan.
199 3398 348 3463 luerunt.
402 3400 467 3464 Die
499 3403 616 3463 autem
647 3399 783 3464 sabbati
806 3398 846 3462 V.
872 3398 951 3461 Kal.
977 3399 1126 3482 Augusti
1156 3420 1230 3463 sero
1261 3401 1317 3463 ad·

200 3489 358 3552 veniente
374 3489 559 3572 Pupienses
576 3489 620 3550 ad
639 3509 760 3552 sonum
777 3507 943 3570 campane
963 3508 1040 3552 eum
1057 3508 1163 3571 puero
1180 3487 1317 3552 Scieilie

196 3681 220 3725 a)
238 3679 306 3728 legati
321 3691 338 3721 r.
393 3678 415 3728 b)
436 3679 507 3728 suppl.
521 3679 594 3725 Perta·
610 3690 682 3720 om.c.
737 3681 757 3726 e)
778 3678 1070 3725 emend.H.·Br·.,·1·omuc.
1124 3676 1148 3727 d)
1168 3680 1199 3717 sta
1213 3690 1243 3725 c.,·
1263 3679 1317 3725 fort,
1338 3682 1364 3720 35

195 3729 306 3771 ducerent
320 3733 438 3779 legendum.
488 3732 509 3782 o)
523 3732 603 3770 emend.
617 3733 679 3770 Perta
685 3745 693 3776 ,·
706 3743 747 3772 nec
762 3744 779 3774 a.
826 3733 845 3779 1)
858 3731 1001 3780 imperatorie
1014 3733 1155 3780 supplendum
1170 3742 1214 3770 esse
1227 3734 1318 3774 videtne.

196 3783 221 3833 g)
238 3786 490 3834 camplev1'50m.c.;rfi
506 3785 542 3826 ίΝ.
558 3783 726 3834 Araln'r'XVI,
742 3798 767 3834 p.
778 3786 824 3828 31⁶2.
892 3784 916 3834 h)
937 3782 1053 3824 eredentes
1064 3796 1109 3833 pro
1124 3790 1147 3824 et
1160 3796 1187 3824 ea
1201 3787 1253 3823 allis
1266 3786 1318 3824 leals

196 3839 325 3888 Codaynellr'
338 3839 447 3887 legendnm
463 3849 507 3876 esse
520 3839 608 3880 reniae.

201 3996 227 4064 1)
248 3997 289 4059 Cf.
308 3996 381 4046 Ana.
398 3995 503 4047 Mediel.
521 3994 607 4046 breves
621 4010 650 4060 p.
664 3996 725 4048 391.
768 3993 810 4060 ’2)
831 3992 882 4045 Ial.
898 3992 938 4044 14.
959 3992 1013 4053 fail
1032 4005 1057 4043 a.
1074 3993 1150 4044 1212.
1169 3991 1316 4054 sabbatam,

199 4068 243 4120 sed
268 4067 380 4132 Oqerins
399 4066 483 4117 Panis
502 4066 517 4119 l.
537 4066 554 4119 l.
573 4065 658 4128 refert
680 4065 850 4117 Friderr'cuna
875 4062 917 4112 dr'e
942 4062 996 4115 Inl.
1017 4064 1058 4115 15.
1084 4061 1174 4112 Ianua
1199 4062 1369 4116 exivissem

199 4137 228 4207 3)
253 4138 376 4190 Berarde
401 4137 595 4204 archiepiscopo
614 4137 740 4199 Barcaei,
764 4139 795 4186 nt
812 4133 1006 4196 Winlcelmann
1027 4132 1104 4185 ‘otto’
1119 4149 1148 4199 p.
1162 4135 1224 4197 321,
1249 4149 1276 4185 n.
1289 4135 1316 4199 2,

199 4211 313 4262 caniait.
333 4209 420 4275 (Certe
445 4224 497 4260 nan
516 4209 646 4260 Serae-das
671 4209 807 4273 episcopas
826 4204 1009 4256 Cremonensis
1034 4204 1135 4269 adfuit,
1160 4205 1208 4269 qai
1225 4203 1279 4256 Inl.
1292 4207 1317 4257 9.

199 4280 329 4331 Mantuae
341 4281 411 4342 faia·
425 4280 589 4346 Consciae
604 4279 722 4330 Cranen.
733 4276 756 4341 I,
768 4293 795 4344 p.
805 4279 866 4341 221,
880 4290 923 4329 nr.
936 4277 1007 4340 151).
1062 4277 1092 4344 4)
1112 4275 1254 4326 Gnillelma
1267 4275 1317 4329 IV.

200 4354 226 4418 ὅ)
246 4352 370 4404 arear-ao.
450 4354 480 4408 6)
504 4350 554 4403 XI.
574 4349 637 4403 Kal.
657 4349 726 4413 Any.
746 4347 811 4412 (Inl.
824 4349 873 4411 22)
891 4346 948 4409 fnit
966 4363 992 4398 a.
1007 4349 1083 4400 1212.
1102 4346 1158 4397 dies
1175 4347 1317 4399 derrantes.
