2962 4936
234 423 270 476 58
401 417 591 473 IOHANNIS
611 417 856 473 GODAGNELLI
875 418 1057 474 ANNALES
1075 419 1111 476 A.
1126 421 1204 476 1216.

115 582 214 700 ,3¹22
233 603 404 677 veniente,
428 602 469 665 V.
494 600 573 664 Kal.
606 601 816 684 Septembris
851 602 974 665 armati
1010 605 1046 666 et
1080 603 1242 667 asclerati
1277 623 1351 666 cum

166 683 171 695 '
207 682 369 754 'cariolis
400 693 436 754 et
466 711 543 753 eum
574 691 733 754 universo
764 691 917 755 exercitu
947 690 1094 774 desuper
1117 690 1353 755 Florennolam

233 799 294 862 per
309 779 416 862 ipsius
433 779 501 842 loci
517 799 736 862 eampaneam
754 783 946 862 pergentes,
965 779 1101 843 Olozam
1119 783 1154 844 et
1168 778 1354 844 Clavenam

234 870 455 931 transeuntes
486 870 521 931 et
551 867 784 951 explanantes,
817 868 935 931 villam
961 868 1120 932 Ursaorie
1150 871 1186 932 et
1217 867 1354 931 Oeriani

235 960 338 1038 atque
374 954 559 1040 Carpeneti
598 960 633 1019 et
668 956 863 1020 Placentini
901 960 1005 1039 atque
1040 957 1245 1021 Trabaoiani
1279 975 1387 1021 con-s

117 1067 215 1116 aare.
235 1045 411 1121 buserunt,
443 1048 478 1108 et
508 1045 563 1108 die
592 1045 688 1108 Lune
717 1045 810 1109 inter
840 1044 1072 1127 Carpanetum
1105 1050 1140 1110 et
1171 1045 1353 1110 Uerianum

93 1157 215 1208 Auara).
234 1134 378 1197 fuerunt
408 1135 677 1198 castramentati.
731 1133 797 1197 Die
828 1134 947 1198 Lune¹
977 1136 1134 1217 sequenti
1164 1134 1290 1198 armati
1320 1137 1355 1198 et

235 1222 395 1286 asclerati
424 1243 500 1286 cum
533 1222 669 1285 cariolis
699 1226 734 1286 et
765 1243 843 1286 cum
873 1223 1033 1286 universo
1062 1224 1215 1288 exercitu
1237 1243 1355 1287 versus

234 1311 505 1376 Pontenuriuma
527 1312 702 1375 venientes
725 1311 844 1375 villam
861 1311 1072 1376 Montenarii
1095 1316 1130 1376 et
1147 1312 1229 1376 Zeni
1250 1315 1354 1394 atque

233 1401 388 1464 Paderne
414 1404 449 1464 et
472 1400 654 1464 Albonasii
677 1401 756 1481 igne
781 1403 1029 1472 cremaverunt,
1060 1405 1095 1464 et
1119 1421 1160 1464 ea
1184 1400 1239 1464 die
1263 1402 1355 1465 inter
1373 1420 1396 1458 ιο

234 1489 483 1553 Pontenurium
509 1492 545 1552 et
568 1487 785 1554 Casum-Dei
814 1489 913 1552 iuxta
935 1492 1080 1552 stratam
1103 1489 1268 1553 Rcmeam
1292 1511 1353 1553 sua

234 1579 336 1642 fixere
360 1579 521 1642 tentoria.
568 1578 766 1642 Placentini
790 1581 906 1642 autem
937 1578 1066 1642 milites
1097 1581 1132 1642 et
1155 1579 1290 1661 pedites
1315 1599 1355 1642 ea

234 1667 289 1730 die
313 1687 446 1730 summo
471 1688 570 1730 mane
594 1687 702 1749 usque
726 1668 770 1729 ad
794 1660 971 1732 Montaleb
992 1667 1190 1749 equitavere
1213 1667 1353 1731 ibidem·

233 1775 299 1837 que
328 1776 436 1838 usque
467 1756 511 1818 ad
542 1756 663 1819 horam
692 1777 782 1820 none
812 1777 939 1820 moram
971 1756 1139 1820 fecerunt.
1187 1755 1354 1820 Videntes

232 1845 373 1907 interim
408 1845 559 1909 eiusdem
601 1845 774 1908 civitatis2
812 1848 961 1909 rectores
1000 1844 1113 1909 locum
1148 1844 1354 1908 Pontenurii
1372 1863 1395 1902 ιο

235 1933 373 1997 minime
408 1933 594 1997 defendere
629 1954 737 2016 posse,
778 1934 821 1997 ad
857 1933 958 1996 illum
997 1934 1199 1998 accedentes
1238 1933 1352 1997 locum

233 2021 362 2085 milites
386 2025 422 2086 et
445 2022 579 2105 pedites
603 2041 730 2099 omnes,
763 2023 822 2105 qui
852 2042 914 2105 pro
936 2022 1045 2105 ipsius
1069 2022 1136 2086 loci
1159 2022 1353 2085 munitione

233 2110 366 2193 inipso
389 2112 614 2186 intraverant,
640 2111 682 2175 de
707 2132 746 2175 eo
770 2111 978 2194 expulerunt
998 2110 1084 2175 loco.
1119 2111 1353 2193 Percipientes

233 2219 312 2262 vero
336 2199 388 2262 illi
422 2201 464 2264 de
489 2199 794 2282 Castro-Arquato
826 2204 862 2263 et
892 2200 1048 2283 sagitarii
1070 2199 1170 2263 vallis
1194 2199 1288 2263 Tarii
1318 2202 1353 2262 et

234 2287 316 2350 Zeni
338 2288 452 2352 locum
476 2288 680 2353 Pontenurii
714 2289 789 2352 fore
821 2288 1033 2361 derelictum,
1069 2288 1105 2351 in
1140 2288 1214 2371 ipso
1249 2289 1352 2351 intra·
1371 2308 1396 2347 ro

232 2381 357 2441 verunt
373 2377 458 2441 loco.
495 2377 662 2441 Similiter
678 2398 780 2460 quarn
797 2376 913 2460 plures
929 2381 1045 2441 nostre
1057 2377 1207 2440 civitatis
1223 2377 1352 2441 milites

233 2469 268 2529 et
300 2466 433 2549 pedites
463 2487 539 2530 cum
571 2466 641 2529 illis
672 2467 716 2530 ad
745 2466 844 2529 illum
876 2468 1095 2530 accesserunt
1125 2464 1249 2541 lorum,
1286 2486 1352 2530 cre·

233 2555 353 2618 dentes
384 2559 419 2618 et
449 2559 626 2638 sperantes
657 2555 788 2618 dictum
818 2555 934 2619 locum
964 2555 1007 2618 ab
1037 2555 1184 2618 inimicis
1215 2554 1352 2637 egregie

232 2664 331 2726 posse
354 2644 455 2706 tueri.
495 2643 541 2705 Et
563 2643 614 2706 ita
637 2664 744 2725 usque
761 2645 805 2707 ad
821 2646 941 2708 horam
957 2664 1047 2707 none
1063 2644 1155 2726 apud
1171 2635 1348 2706 lllontaleb

130 2758 160 2802 a„
197 2767 213 2803 ο,
233 2730 497 2814 *permanentes
533 2731 662 2806 audito,
698 2732 789 2814 quod
820 2732 1094 2796 Mediolanenses
1127 2732 1165 2793 in
1198 2735 1352 2794 nostram
1370 2750 1395 2790 rs

234 2819 409 2882 civitatem
437 2821 473 2882 in
503 2819 632 2883 auxilio
662 2823 780 2884 nostro
804 2823 967 2885 accedere
990 2821 1207 2897 festinantes,
1231 2820 1347 2883 illico⁰

233 2907 410 2971 Placentie
434 2908 559 2971 militia
582 2929 699 2972 versus
723 2909 974 2974 Pontenurium
1001 2911 1068 2974 iter
1091 2931 1191 2973 suum
1215 2909 1350 2973 direxit.

234 2995 320 3059 Cum
344 2999 459 3060 autem
484 2997 628 3061 Nuriam
653 2998 751 3062 iuxta
774 2999 953 3063 ecclesiam
984 3002 1019 3063 et
1047 3019 1154 3081 usque
1178 2999 1222 3061 ad
1247 3001 1352 3082 caput

233 3084 334 3168 burgi
357 3085 554 3150 Placentini
583 3086 711 3150 milites
742 3088 1069 3171 appropinquarent,
1100 3087 1257 3150 videntes
1290 3107 1351 3170 per

232 3174 484 3239 Pontenurium
508 3174 755 3240 Cremonenses
785 3177 828 3241 ab
859 3179 1006 3258 utraque
1029 3177 1137 3258 ipsius
1160 3174 1228 3239 loci
1252 3180 1350 3258 parte
1370 3197 1395 3236 ao

232 3265 323 3347 ipsos
346 3266 405 3347 qui
427 3265 465 3328 in
480 3265 555 3348 ipso
571 3266 717 3328 aderant
732 3265 808 3329 loco
825 3268 860 3329 et
877 3265 1051 3348 capientes
1067 3268 1102 3328 et
1118 3264 1351 3347 percutientes

232 3357 267 3416 et
300 3354 532 3431 vulnerantes,
573 3349 629 3418 et‘l
663 3355 719 3416 vix
754 3354 865 3437 captis
900 3353 1002 3416 armis
1040 3353 1210 3417 insultum
1249 3373 1352 3436 super

231 3447 365 3507 nostros
388 3444 563 3519 fecerunt;
590 3446 625 3506 et
648 3443 741 3507 tubis
765 3463 826 3526 per
848 3445 964 3525 partes
984 3442 1186 3506 sonantibus
1203 3442 1350 3525 prelium

230 3532 405 3615 incipitur,
442 3536 477 3596 et
512 3532 619 3596 tensis
660 3531 784 3614 aquilis
821 3531 864 3595 ab
894 3531 1050 3614 utrisque
1081 3535 1250 3595 certatum
1287 3533 1349 3594 est

231 3620 362 3684 Milites
386 3640 520 3703 quoque
537 3620 704 3684 Cremona
728 3624 763 3684 et
779 3620 900 3683 Parme
924 3620 1192 3684 innumerabiles
1214 3620 1252 3683 in
1274 3620 1350 3702 ipso
1369 3641 1393 3680 as

230 3708 341 3791 prelio
356 3709 501 3772 fuerunt
517 3708 697 3785 vulnerati,
724 3711 759 3772 et
775 3729 877 3791 quarn
897 3708 1012 3792 plures
1029 3709 1072 3772 ab
1088 3711 1235 3791 utraque
1251 3711 1350 3792 parte

229 3797 424 3873 interfecti;
465 3798 648 3861 destrarios
679 3817 814 3880 quoque
844 3798 1002 3866 infinitae
1037 3819 1179 3861 numero
1209 3798 1245 3859 in
1274 3798 1349 3880 ipso

230 3989 251 4034 a)
266 3988 377 4026 emendavi
381 4001 389 4035 ,·
404 3987 528 4036 pomerium
542 3998 560 4029 c.
602 3986 624 4036 b)
638 3989 749 4027 mdcvi
762 3992 785 4025 ut
799 3987 861 4034 infra
871 3988 939 4036 p.59,
955 3988 1047 4037 l.8.10;
1062 3988 1154 4026 mortale
1168 3999 1187 4027 c.
1235 3987 1256 4038 e)
1270 3988 1349 4028 emml.

230 4039 321 4089 H.·Br.,·
335 4041 381 4080 illic
395 4051 412 4083 c.
465 4038 488 4088 d)
502 4041 651 4079 etdelendum
665 4042 756 4083 maur.
811 4039 833 4092 e)
848 4042 972 4089 emendavi;
990 4041 1041 4080 lneo
1056 4052 1085 4090 r.;
1104 4042 1127 4079 in
1140 4045 1202 4081 certo
1217 4041 1296 4084 E-Br.

232 4181 258 4246 1)
279 4183 330 4233 Die
343 4181 441 4235 Martis
461 4182 635 4248 Codaynellus
648 4184 748 4249 procul
765 4182 844 4234 dubio
863 4182 976 4234 scribere
993 4183 1083 4245 voluit,
1105 4184 1170 4248 quia
1186 4183 1243 4234 dica
1254 4182 1348 4233 Lunae
1365 4189 1392 4227 40

230 4255 286 4303 iam
300 4256 443 4320 praecutit,
463 4261 487 4306 ct
505 4256 547 4305 die
565 4257 635 4320 Aug.
649 4258 691 4309 30.
711 4257 847 4321 sequentia
865 4255 941 4319 facto
959 4269 1013 4306 esse
1030 4254 1153 4317 referunt
1165 4254 1238 4308 Ana.
1255 4253 1346 4305 Parm.

229 4326 293 4378 mai.
309 4341 338 4390 p.
352 4327 412 4391 666,
431 4329 481 4392 qui
497 4343 556 4378 cum
572 4326 681 4377 Sicardi
693 4325 765 4378 Geni.
785 4327 841 4377 iam
859 4325 901 4377 dic
912 4326 984 4391 Aug.
997 4327 1040 4379 29.
1057 4325 1223 4376 Placentinos
1241 4325 1347 4389 fugatos

229 4411 282 4448 esse
300 4397 339 4447 vel
356 4397 485 4448 wmnum
504 4399 592 4449 maius
609 4398 702 4461 fecisse
720 4397 841 4449 tradunt.
914 4397 942 4462 2)
963 4396 1140 4449 Placentinae.
