2962 4936
316 450 506 508 IOHANNIS
526 450 773 507 OODAGNMLLI
791 452 973 509 ANNALES
993 454 1027 511 A.
1043 458 1119 512 1218.
1253 461 1288 516 67

165 634 386 719 expeditione
402 654 465 719 pro
477 655 561 718 pace
573 635 779 718 inquirenda
791 640 827 700 et
839 639 1074 720 conponenda,
1091 639 1282 704 instantes²
1307 650 1384 702 1218.

165 724 275 798 nobis,
298 725 340 787 ut
354 723 468 788 redire
484 723 695 799 deberemus,
712 724 868 789 volentes
884 726 1045 808 petitioni
1061 730 1097 791 et
1112 728 1287 793 voluntati

166 816 305 877 eorum⁸
324 813 534 888 satisfacere,
560 813 603 876 de
623 812 861 877 iurisdictione
877 814 1093 878 inimicorum
1111 820 1285 895 exeuntes,

165 922 207 967 ea
229 901 286 966 die
310 901 354 965 ad
376 901 489 964 rivum
513 901 655 984 Inglum
678 902 845 984 hospitati
869 902 976 980 fuere,
1002 904 1070 967 alia
1087 905 1143 969 die
1159 908 1287 970 reversi
1305 932 1399 975 rura.

134 992 247 1054 ssunt
270 989 315 1053 ad
338 991 488 1074 propria.

272 1077 337 1143 Dic
359 1078 524 1144 Mercurii
550 1078 641 1141 IIII.
665 1078 791 1142 mensis
821 1078 905 1142 Iulii
935 1081 1081 1163 proximi
1111 1084 1286 1166 sequentis
1304 1108 1378 1151 nus.

167 1165 413 1232 Cremonenses
437 1167 710 1251 explanaverunt
732 1167 902 1230 fossatum
932 1170 1024 1251 quod
1055 1173 1108 1235 est
1139 1172 1286 1256 desuper

164 1255 417 1332 Florensolam3
448 1256 538 1320 illud
567 1258 787 1320 transeuntes
815 1256 953 1321 arbores
978 1260 1012 1322 et
1035 1259 1162 1335 vineas,
1194 1254 1281 1343 quel

162 1344 200 1408 in
221 1344 294 1409 illis
316 1344 473 1428 partibus
495 1345 712 1419 invenerunt,
737 1365 798 1428 per
813 1344 930 1408 villam
947 1346 1158 1411 Luxeraschi
1176 1370 1284 1432 usque

123 1457 146 1497 10
164 1434 208 1497 ad
231 1433 399 1498 Sanctum
422 1433 648 1498 Laurentium
673 1433 917 1497 destruxerunt
944 1439 980 1498 et
1002 1435 1216 1513 inciderunt;
1249 1442 1285 1502 et

163 1542 204 1586 ea
227 1522 283 1587 die
306 1523 343 1585 in
367 1521 547 1585 Salmuriis
571 1522 739 1605 hospitati
761 1521 875 1598 fuere;
901 1522 970 1586 alia
994 1524 1049 1588 die
1073 1546 1134 1608 per
1156 1526 1284 1591 vallem
1303 1553 1377 1594 aas.

162 1611 327 1695 Longane
361 1611 556 1693 equitantes
589 1614 625 1675 et
657 1632 718 1694 per
750 1611 876 1674 vallem
908 1611 1096 1677 Sustironis
1127 1614 1283 1698 Burgum

161 1700 347 1764 redeuntes
377 1699 516 1764 arbores
544 1703 579 1764 et
609 1699 726 1763 vineas
757 1703 792 1763 et
823 1712 956 1783 segetes
980 1704 1015 1765 et
1039 1722 1080 1765 ea
1103 1723 1169 1785 que
1192 1704 1282 1768 inve-

161 1791 291 1853 nerunt
302 1789 549 1853 destruxerunt
564 1792 599 1852 et
612 1787 855 1852 conbuserunt.
888 1789 938 1853 Ea
954 1793 1071 1854 autem
1083 1792 1139 1854 die
1155 1792 1283 1857 milites

117 1900 144 1940 ιο
162 1876 363 1942 Florenaole
393 1896 470 1941 cum
502 1876 675 1959 aliquibus
699 1876 877 1941 Placentie
901 1879 1071 1943 militibus
1094 1881 1131 1942 in
1153 1883 1282 1945 terram

161 1964 331 2031 Cremone
347 1967 553 2049 equitavere,
570 1966 737 2049 perviam
754 1966 896 2043 scilicet,
916 1987 1020 2049 quam
1038 1968 1282 2035 Cremonenses

161 2075 223 2138 per
238 2055 412 2139 quoddam
430 2075 552 2119 nemus
575 2055 747 2132 fecerant3
771 2055 809 2117 in
824 2055 922 2119 cuius
939 2057 1054 2120 exitu⁰
1075 2057 1283 2122 invenerunt

161 2143 418 2221 Cremonenses,
449 2144 509 2227 qui
532 2148 682 2227 pontem,
713 2164 776 2228 per
799 2164 898 2225 quem
924 2145 1143 2221 transierant,
1172 2150 1282 2212 custo·

161 2231 322 2311 diebant;
369 2233 472 2297 uibus
490 2233 571 2296 visis
594 2232 741 2316 prelium
766 2253 844 2296 cum
868 2233 916 2297 eis
940 2233 1144 2316 inceperunt
1169 2280 1280 2298 .....

115 2344 144 2384 so
163 2253 374 2405 [ceperuntll
405 2321 496 2386 circa
526 2325 665 2386 centum
696 2323 823 2398 decem,
856 2341 940 2403 quos
967 2322 1076 2385 victos
1108 2323 1281 2387 duxerunt

161 2414 197 2474 et
218 2410 257 2473 in
280 2429 416 2474 carcere
438 2410 664 2474 recluserunt.
1230 2473 1232 2478 ,

267 2498 334 2562 Die
365 2498 502 2562 sabbati
523 2498 604 2562 VII.
630 2499 784 2563 eiusdem
814 2499 940 2562 mensis
971 2498 1055 2561 Iulii
1084 2499 1280 2563 Placentini
1298 2526 1342 2566 aa.
1355 2527 1372 2567 r.

160 2589 196 2651 et
219 2585 495 2652 Mediolanenses
525 2587 652 2652 milites
682 2588 899 2652 intraverunt
929 2587 966 2649 in
993 2589 1122 2652 terram
1145 2588 1277 2666 Parme,

159 2675 196 2737 in
213 2675 310 2739 curia
324 2675 459 2740 scilicet
475 2675 675 2754 Curticelle3
701 2677 890 2740 caminatas
907 2679 943 2740 et
960 2677 1078 2740 domos
1095 2680 1130 2741 et
1146 2681 1279 2760 segetes

114 2786 142 2825 rs
159 2765 196 2828 et
226 2762 364 2828 arbores
392 2768 429 2829 et
451 2765 576 2841 vineas,
609 2785 693 2847 quas
717 2765 755 2827 in
782 2765 851 2828 illis
879 2765 1037 2849 partibus
1060 2766 1277 2843 invenerunt,

159 2851 430 2930 *destruxerunt
455 2853 653 2917 inciderunt
675 2857 711 2917 et
735 2853 980 2918 conbuserunt.
1298 2877 1385 2926 *asoa

265 2941 397 3006 Eodem
438 2962 538 3019 anno,
575 2962 692 3006 mense
726 2943 878 3025 Augusti
915 2943 1063 3026 proximi
1104 2944 1278 3026 sequentis
1297 2971 1354 3016 sup,

158 3028 349 3112 placentini
377 3030 513 3108 minuti,
538 3030 597 3113 qui
621 3031 784 3094 dicuntur
806 3032 1004 3113 quarteroli,
1030 3035 1066 3095 et
1088 3031 1279 3115 placentini

158 3118 278 3202 grossi,
313 3140 458 3202 quorum
488 3118 636 3202 quilibet
665 3118 778 3184 valet⁰
813 3140 871 3184 sex
902 3114 1094 3204 den[arios]‚
1131 3122 1174 3184 de
1209 3121 1278 3204 pla-

111 3228 142 3268 ιο
159 3206 307 3271 centinis
328 3208 515 3285 veteribus,
539 3208 599 3291 qui
623 3208 724 3272 modo
748 3211 838 3282 sunt,
863 3209 951 3273 facti
973 3210 1082 3275 fuere.

264 3295 319 3361 De
349 3296 470 3361 eodem
504 3317 621 3362 mense
651 3300 760 3381 porte,
796 3296 929 3362 scilicet
963 3301 1064 3380 porta
1099 3299 1142 3362 de
1165 3298 1277 3362 Puteo

158 3378 347 3449 Fulbertor
373 3389 410 3449 et
439 3389 538 3469 porta
569 3387 612 3450 de
643 3386 760 3449 Strata
783 3386 922 3464 Levata,
954 3387 1091 3468 incepte
1121 3386 1275 3449 fuerunt.

264 3472 330 3536 111⁸
349 3474 490 3538 civitate
506 3473 625 3537 Laude
641 3473 874 3550 MCCXVHI,
894 3474 1084 3538 indictione
1100 3474 1181 3549 VII,
1198 3475 1274 3537 XV.

156 3560 213 3625 die
247 3563 374 3626 mensis
403 3561 607 3627 Novembris
635 3562 910 3627 Mediolanenses
945 3566 980 3627 et
1009 3562 1206 3625 Placentini
1240 3566 1275 3626 et
1295 3585 1348 3628 aa.
1359 3587 1392 3628 15,

111 3670 138 3711 as
156 3670 275 3715 omnes
297 3650 359 3714 alii
382 3650 424 3715 de
448 3672 566 3716 eorum
596 3654 694 3734 parte
717 3651 918 3714 iuraverunt
942 3651 1136 3714 *attendere
1161 3656 1196 3714 et
1219 3651 1275 3715 ob-

68 3726 136 3769 '·⁴⁸²·
155 3756 290 3803 serrare
313 3741 478 3823 precepta
501 3739 632 3804 domini
647 3738 831 3802 cardinalis
842 3737 863 3816 ¹,
888 3739 996 3822 legati
1017 3739 1141 3802 summi
1164 3740 1275 3822 ponti-

153 3908 177 4002 ἓ)
190 3910 249 3950 εἰη.
268 3910 342 3950 Albas
355 3911 424 3960 icitur
437 3921 485 3949 cum
498 3913 562 3950 sociis
575 3911 677 3953 instabat.
698 3911 769 3953 Pera.
811 3912 834 3959 b)
846 3912 878 3949 sic
891 3922 909 3953 o.
951 3912 972 3975 c)
985 3912 1145 3958 emend.Pall.,·
1160 3899 1275 3952 ex’cltuc.

154 3965 183 4057 ‚l
196 3964 783 4066 mssssssasssstss
800 3965 887 4060 ppt
901 3965 1275 4067 l‘s‘z‘szssbssssssts

107 4070 136 4109 40
152 4070 216 4119 osio
228 4071 278 4114 Iob.
291 4071 319 4110 ds
332 4071 427 4123 Musca·
443 4071 540 4112 fulberto
553 4082 571 4114 c.
584 4075 604 4109 st
618 4072 682 4110 Galo.
696 4071 800 4110 Flamma
813 4082 831 4113 c.
840 4071 886 4113 252.
948 4070 971 4121 g)
989 4073 1081 4110 fuerunt
1094 4072 1117 4109 in
1131 4071 1174 4108 clv·
1189 4068 1274 4115 Laude.

152 4128 250 4173 mu
267 4135 349 4173 maone
366 4125 441 4162 lisera
458 4125 541 4163 initiali
554 4125 576 4163 M
590 4125 614 4162 in
631 4135 720 4164 numero
738 4125 798 4173 anni,
817 4134 872 4173 quoe
890 4125 956 4162 verba
973 4125 996 4163 in
1015 4125 1058 4166 civ.
1072 4125 1104 4172 Is,
1125 4123 1147 4160 in
1162 4123 1274 4171 archetypi

152 4178 254 4226 momine
263 4177 418 4227 proculdubio
428 4178 518 4227 amplo,
533 4178 578 4218 olio
587 4178 633 4217 loco
643 4178 757 4217 inseram
766 4181 822 4226 sunt,
837 4181 861 4214 ut
870 4181 922 4226 post
936 4177 1073 4219 Novembris.
1096 4176 1160 4215 Galo.
1170 4176 1273 4214 Flamma

152 4230 226 4273 aras.
243 4230 300 4269 bunc
317 4231 388 4269 locum
406 4231 452 4269 iarn
468 4233 501 4270 ito
517 4235 540 4269 st
557 4232 581 4269 ln
599 4235 673 4271 nostro
691 4233 737 4273 cod.
756 4231 860 4279 scriptum
878 4231 937 4280 lepti,
955 4233 1007 4279 pusio
1024 4230 1125 4277 scr-imit:
1145 4227 1273 4269 Laudenses

152 4288 241 4334 portam
256 4313 263 4327 .
278 4313 284 4327 .
297 4314 303 4327 .
316 4288 433 4333 ceperunt.

103 4440 135 4481 4⁵
152 4425 181 4494 1)
198 4424 325 4492 Euporia
341 4425 479 4492 (quls‘ni)
497 4427 612 4493 episcopi
630 4424 763 4479 Ostiensis.
