2962 4936
324 441 513 497 IOHANNIS
531 442 778 497 OODAGNELLI
796 443 977 498 ANNALES
994 445 1029 500 A.
1045 447 1122 503 1215.
1245 450 1280 502 49

162 625 350 710 sperabant
364 626 482 690 divina
497 627 655 710 potentia
670 631 706 691 et
722 627 848 690 civium
860 626 1037 692 Placentia
1054 629 1278 711 protectione,
1300 637 1376 690 1215.

162 715 222 798 qui
245 714 407 778 domum⁸
429 736 491 799 pro
515 716 666 780 civitatis
690 715 882 779 munitione
904 719 1150 794 remanserant,
1175 720 1278 800 atque

162 796 383 868 l'lorenaoleb
422 807 458 868 et
492 803 778 886 Castu-Arquati
817 808 853 868 et
888 805 1129 888 sagitariorum
1165 806 1278 869 *vallis
1298 829 1382 878 *naor

161 892 255 955 Tarii
288 892 426 969 anxilio,
462 894 522 976 qui
557 894 600 956 ad
635 893 811 957 civitatem
844 893 938 956 illico
970 899 1198 972 accesserunt,
1234 897 1278 958 ad

124 1002 138 1041 e
161 982 265 1046 finem
288 981 476 1065 perducere
500 982 640 1045 minime
664 984 862 1064 potuerunt.

267 1068 440 1146 MOOXV‚
456 1071 647 1134 indictione
663 1070 778 1146 tertia,
795 1070 851 1133 die
868 1070 960 1134 Iovis
973 1069 1056 1133 VII.
1073 1071 1153 1135 Kal.
1170 1072 1273 1136 Iuliic
1297 1098 1388 1140 nara

160 1158 290 1223 milites
318 1157 491 1223 Placentie
522 1160 764 1242 equitaverunt
794 1160 831 1220 in
861 1162 989 1222 terram
1014 1160 1119 1243 Papie
1144 1164 1179 1224 et
1203 1182 1278 1225 con-

160 1247 329 1312 buserunt
352 1247 499 1330 burgum
524 1251 559 1311 et
582 1246 700 1311 villam
718 1247 906 1311 Siuriaschi
929 1252 965 1312 et
988 1249 1100 1312 multa
1118 1249 1186 1311 alia
1202 1249 1278 1313 loca

160 1337 405 1401 destruxerunt
435 1340 470 1401 et
494 1337 743 1412 conbuserunt3
780 1337 922 1419 predam
952 1357 1086 1419 quoque
1117 1358 1277 1420 magnam

114 1448 141 1487 ιο
159 1424 286 1489 bovum
317 1427 353 1488 et
381 1445 543 1489 vacarum
573 1427 609 1488 et
639 1425 784 1488 aliarum
814 1425 1002 1489 bestiarum
1033 1430 1068 1489 et
1097 1426 1276 1489 hominum

159 1516 327 1597 ceperunt
343 1516 379 1577 et
393 1514 474 1577 inde
491 1515 674 1578 duxerunt.
713 1513 794 1576 Alia
808 1534 889 1577 vero
908 1514 986 1578 die¹
1001 1513 1276 1578 Mediolanenses
1296 1541 1386 1583 nnnc.

157 1604 232 1666 tam
270 1602 398 1666 milites
436 1622 536 1685 quam
578 1602 710 1685 pedites
749 1602 886 1666 iverunt
919 1603 957 1665 in
993 1603 1202 1665 Lumilinam
1241 1605 1277 1666 et

159 1694 311 1755 castrum
335 1690 512 1755 Oarlaschi
536 1690 688 1775 pervim
713 1694 880 1773 ceperunt
907 1693 942 1755 et
966 1691 1209 1768 conbuserunt,
1239 1693 1275 1754 in

158 1800 226 1862 quo
256 1779 456 1844 habuerunt
486 1784 522 1844 et
552 1782 718 1863 ceperunt
749 1778 833 1844 OOC
865 1781 1021 1844 homines
1053 1785 1088 1844 et
1120 1781 1208 1864 plus,
1240 1783 1276 1844 et

113 1890 139 1930 n
157 1868 300 1952 prodam
329 1868 546 1932 indefinitam
578 1869 703 1933 bovum
735 1871 770 1932 et
792 1889 953 1932 vacarum
987 1873 1022 1933 et
1052 1869 1199 1933 aliarum
1223 1870 1276 1933 be·

157 1956 302 2021 stiarum
324 1957 406 2021 inde
430 1957 613 2021 duxerunt.

264 2045 394 2110 Eodem
425 2066 541 2110 mense
572 2067 685 2110 comes
714 2045 917 2110 'l'homasius
948 2047 990 2110 de
1021 2046 1170 2130 Sabogia
1200 2067 1275 2111 con·
1295 2075 1413 2124 nmo).

158 2134 309 2198 cordiam
344 2138 381 2199 et
415 2135 615 2199 societatem
650 2135 737 2198 fecit
775 2154 852 2198 cum
888 2135 1205 2199 Mediolanensibus
1240 2139 1275 2199 et

157 2221 467 2287 vercellensibus

111 2336 138 2374 ro
264 2310 330 2376 Die
354 2312 525 2376 dominico
549 2312 671 2394 quinto
695 2312 750 2376 die
774 2312 900 2376 mensis
923 2311 1007 2374 Iulii
1026 2310 1273 2375 Cremonenses
1294 2340 1366 2381 nna

156 2402 230 2464 tam
252 2399 381 2464 milites
404 2420 506 2483 quam
531 2401 664 2484 pedites
688 2421 766 2464 cum
790 2400 1023 2484 papilionibus
1048 2403 1084 2463 et
1099 2400 1273 2463 travachis

157 2491 193 2552 et
223 2488 359 2553 cariolis
389 2490 608 2553 intraverunt
637 2491 673 2552 in
704 2493 831 2554 terram
862 2489 1040 2553 Placentie
1071 2491 1107 2552 et
1136 2489 1274 2553 iverunt

156 2578 200 2640 ad
240 2576 406 2641 Sanctum
444 2577 680 2658 Laurentium,
719 2599 820 2661 quem
859 2578 974 2642 locum
1012 2577 1200 2642 credebant
1238 2582 1274 2641 et

156 2666 342 2750 sperabant
371 2667 524 2750 pervim
554 2688 652 2750 posse
676 2667 803 2731 habere
834 2671 870 2731 et
893 2686 1031 2750 capere3
1067 2668 1127 2730 sed
1158 2666 1275 2730 divina

110 2778 137 2818 ra
155 2754 390 2819 misericordia
414 2759 449 2819 et
471 2756 601 2820 virtute
625 2759 730 2838 atque
754 2756 882 2819 anxilio
901 2755 1052 2819 militum
1075 2758 1111 2819 et
1134 2755 1274 2839 sagitta·

154 2843 293 2921 riorum,
310 2844 370 2927 qui
381 2843 476 2908 illico
489 2845 532 2907 ad
545 2844 624 2908 illas
641 2847 755 2928 partes
772 2848 990 2909 accesserunt
1006 2848 1041 2908 et
1057 2847 1272 2920 currerunte,

155 2933 199 2995 ad
223 2932 417 3016 predictum
440 2931 555 2997 locum
580 2934 741 2997 accedere
765 2934 905 2997 minime
930 2933 1004 2996 ausi
1026 2933 1187 3008 fuerunt;
1213 2934 1274 2996 sed

153 3020 328 3086 vulnerati
351 3024 387 3086 et
409 3022 515 3086 etiam
538 3022 654 3105 plures
678 3023 805 3085 mortui
821 3042 1006 3097 recessere;
1032 3024 1068 3085 et
1090 3025 1175 3085 tunc
1197 3041 1273 3084 con·

154 3109 322 3174 buserunt
344 3130 505 3195 granaam
530 3111 572 3175 de
596 3111 801 3174 Mornascho
826 3112 927 3174 etde
952 3110 1111 3173 Saliceta.

109 3222 136 3262 so
261 3198 328 3263 Die
355 3198 498 3264 Veneris
533 3198 609 3262 XV.
640 3199 720 3262 Kal.
750 3200 839 3281 Aug.
871 3198 1040 3282 proximi8
1073 3198 1201 3261 milites
1237 3202 1273 3262 et
1292 3220 1440 3269 nimau.

153 3287 287 3369 pedites
304 3287 347 3351 de
362 3288 474 3351 tribus
490 3288 599 3371 portis
615 3287 805 3351 Mediolani
821 3308 898 3351 cum
915 3286 1061 3358 cariolis,
1082 3287 1271 3368 manganis,

62 3402 135 3450 arm.
153 3375 321 3459 predariis
337 3379 373 3441 et
386 3377 506 3440 castris
519 3377 717 3459 lignaminis
734 3375 900 3440 *mirabili
916 3375 1017 3439 modo
1035 3373 1271 3438 ”constructis
1290 3396 1320 3443 rr.
1330 3398 1374 3439 sn.

153 3464 297 3529 servicio
313 3464 586 3530 Vercellensium
602 3465 645 3527 ad
663 3465 838 3528 civitatem
855 3463 1090 3528 Vercellarum
1114 3483 1175 3546 pro
1195 3462 1271 3526 loco

154 3547 512 3617 casalis-avitani*
541 3554 730 3618 obsidendo
764 3557 799 3617 et
834 3553 1063 3636 expugnando
1094 3571 1269 3635 perexere;

109 3664 135 3705 ss
153 3641 213 3723 qui
235 3640 364 3706 ibidem
387 3663 464 3707 curn
490 3643 615 3706 comite
639 3643 681 3706 de
698 3642 856 3723 Sabogia‚
882 3643 992 3725 quiin
1008 3662 1125 3705 eorum
1141 3639 1270 3703 auxilio

152 3866 175 3913 a)
188 3866 220 3905 ete
233 3876 251 3908 c.
304 3866 327 3917 b)
341 3867 421 3910 emend.
434 3867 527 3915 11.·Bn,=
545 3868 672 3907 florazolam
686 3879 703 3909 e.
750 3866 770 3917 c)
784 3869 903 3917 emendavi,
919 3871 942 3904 ut
956 3867 1002 3905 lam
1014 3866 1096 3908 H.-Br.
1109 3867 1204 3915 coniecit,
1219 3877 1271 3904 ream

152 3919 204 3960 Iun.
218 3919 252 3959 26.
272 3919 316 3967 fult
335 3931 355 3963 a.
370 3920 428 3963 1215.
443 3921 489 3959 dies
502 3921 570 3969 Iovis,
589 3921 646 3959 Maii
659 3921 692 3962 26.
710 3921 753 3967 fuit
771 3922 817 3959 dies
832 3921 919 3970 Martis,
939 3931 979 3969 quo
1000 3921 1035 3958 die
1049 3921 1096 3958 alia
1111 3931 1125 3958 α
1139 3920 1271 3957 Placentinis

149 3976 213 4021 pecta
230 3982 274 4011 esce
291 3984 361 4022 semro
373 3975 466 4012 relatum
484 3978 527 4022 est;
544 3975 572 4022 cs.
588 3976 645 4023 n.1;
664 3974 721 4013 iunii
735 3985 754 4016 e.
806 3972 830 4024 d)
848 3975 879 4013 sle
893 3986 922 4021 c.‚·
941 3973 1018 4014 Sancti
1035 3972 1115 4012 Evasit
1131 3984 1178 4011 eum
1191 3972 1270 4016 JL-Br.

152 4026 408 4077 monetaneum
422 4031 442 4066 et
455 4027 518 4074 infra
532 4039 553 4070 a.
567 4028 627 4070 1230.
640 4037 716 4065 nomen
730 4028 794 4065 huius
808 4028 850 4065 lon·
863 4031 989 4075 corruptum
1004 4027 1095 4074 letatur.

107 4216 134 4256 so
153 4205 179 4269 1)
205 4204 267 4255 Iam
292 4204 334 4256 die
351 4204 413 4258 Iun.
433 4205 476 4259 24.
502 4205 711 4257 Mediolanenses
734 4205 858 4256 Ticinum
883 4205 996 4268 fluvium
1020 4204 1161 4254 transiisse
1185 4202 1270 4253 Notae

151 4274 180 4326 S.
200 4275 312 4340 Georyii
334 4274 442 4329 Medici.
470 4275 486 4328 l.
507 4276 525 4326 l.
550 4276 682 4340 referunt.
720 4275 761 4341 Cf.
789 4277 861 4329 Ann.
887 4274 995 4328 Medici.
1022 4275 1138 4325 minores
1157 4290 1188 4339 p.
1208 4274 1268 4327 398.

151 4348 179 4411 2)
195 4346 263 4397 Vide
273 4352 365 4397 cartas
376 4345 455 4397 datos
468 4346 529 4400 Iun.
542 4349 586 4400 20.
600 4349 644 4410 22,
656 4347 719 4413 Rep.
732 4347 800 4414 Imp.
815 4348 845 4411 V,
859 4362 902 4399 nr.
915 4347 1009 4400 12476.
1026 4347 1120 4398 12477.
1173 4343 1200 4411 3)
1214 4344 1268 4396 Iul.

152 4418 194 4472 18.
213 4416 271 4481 fnit
288 4431 314 4471 a.
329 4418 406 4471 1215.
424 4416 569 4471 sabbatum.
626 4420 654 4485 4)
674 4418 747 4481 Quod
759 4419 814 4481 fuit
826 4417 990 4468 marchionis
1001 4416 1032 4467 de
1044 4415 1267 4478 Monte-ferrato.

205 4518 364 4571 Cadmeum.
1022 4525 1043 4576 4
