2962 4936
311 448 502 504 IOHANNIS
520 448 766 505 CODAGNELLI
784 448 965 504 ANNALES
984 449 1019 506 A.
1033 453 1111 506 1216.
1239 456 1273 509 69

152 634 264 719 prelio
287 633 524 717 perdiderunt,
549 653 634 715 quos
650 632 846 696 Placentini
862 633 1059 696 habuerunt
1079 637 1114 698 et
1134 636 1273 698 domum
1293 644 1374 697 1216.

154 724 338 788 duxerunt.
385 720 503 785 Nostri
539 741 673 804 quoque
709 722 856 785 acerimo
892 725 927 784 et
959 721 1147 786 fortissimo
1182 724 1272 807 ipsos

153 811 401 876 Cremonenses
424 811 674 892 aggrediuntur
697 810 831 893 impetu
854 811 942 873 etri
966 811 1113 874 maxima
1137 812 1179 875 ab
1203 813 1273 875 illis

153 922 190 965 se
220 902 392 964 conantur
422 899 617 962 defendere.
665 899 710 960 Et
741 899 822 961 dum
858 900 921 962 hec
956 903 1125 981 geruntur
1160 904 1195 965 et
1230 902 1272 965 ab

117 1010 131 1049 s
153 992 301 1072 utraque
324 991 423 1072 parte
446 991 631 1070 pugnatur,
652 987 846 1051 Placentini
862 988 1038 1052 intuentes
1055 989 1273 1053 multitudini

154 1098 272 1142 eorum
297 1077 437 1139 minime
468 1076 627 1140 resistere
651 1097 759 1159 posse,
790 1080 882 1140 retro
913 1077 979 1140 iter
1010 1098 1127 1140 eorum
1157 1099 1273 1162 aggre-

153 1167 300 1243 dientes,
331 1170 448 1229 tamen
479 1186 556 1229 cum
587 1166 635 1229 eis
665 1186 799 1248 semper
823 1168 1017 1248 pugnantes
1045 1169 1080 1230 et
1104 1167 1272 1230 insultum

154 1276 257 1339 super
280 1275 337 1319 eos
356 1254 485 1337 pluries
502 1253 680 1329 facieutes
706 1274 813 1336 usque
830 1255 873 1317 ad
890 1255 1066 1319 Montalea
1085 1257 1272 1320 redierunt.

154 1343 248 1423 Quos
279 1342 525 1408 Cremonenses
555 1346 590 1406 et
621 1342 834 1418 Parmexani,
869 1343 1083 1407 Mutinenses
1114 1348 1150 1408 et
1179 1345 1273 1408 Man-

110 1455 137 1494 10
153 1433 255 1497 tuani
278 1452 385 1515 usque
409 1433 453 1495 ad
469 1431 583 1495 locum
599 1425 785 1494 Montalisb
805 1432 953 1495 insecuti
968 1431 1075 1503 fuere,
1093 1436 1128 1496 et
1144 1434 1271 1498 ibidem

154 1521 351 1585 Placentini
367 1520 530 1584 bellicose
547 1520 662 1584 conati
682 1524 764 1583 suut
780 1522 828 1584 eis
845 1521 1011 1584 resistere.
1053 1519 1139 1584 Cum
1156 1525 1271 1585 autem

154 1611 203 1676 sie
228 1612 411 1683 certarent,
436 1629 511 1672 sero
534 1609 603 1672 iam
627 1609 934 1693 appropinquante,
959 1610 1085 1673 vexilla
1101 1611 1169 1674 duo
1187 1632 1272 1674 com·

154 1698 269 1763 munis
291 1698 482 1763 Mediolani
512 1719 590 1760 cum
617 1698 711 1761 tubis
742 1702 778 1762 et
803 1698 895 1762 *cum
924 1698 1097 1782 aliquibus
1121 1700 1272 1764 eiusdem

154 1789 250 1853 urbis
273 1786 452 1862 militibus,
483 1787 543 1869 qui
572 1788 617 1850 ad
646 1790 796 1850 uestram
823 1790 1037 1851 accesserant
1065 1788 1240 1852 civitatem
1252 1789 1272 1864 1,

110 1899 136 1939 rs
153 1878 192 1940 in
214 1877 290 1960 ipso
313 1876 485 1940 intravere
509 1875 611 1939 bello.
651 1875 742 1939 Visis
761 1875 895 1939 vexillis
917 1881 952 1940 et
974 1877 1069 1940 tubis
1086 1877 1274 1941 Mediolani

156 1987 177 2030 a
200 1965 487 2031 Cremonensibus
518 1970 553 2028 et
584 1964 826 2028 Parmensibus
860 1965 998 2041 auditis,
1034 1965 1128 2030 illico
1163 1968 1274 2031 redire

156 2057 332 2139 ceperunt.
387 2053 582 2117 Placentini
614 2073 694 2117 vero
730 2074 806 2116 cum
842 2054 924 2136 ipsis
957 2055 1274 2119 Mediolanensibus

155 2144 248 2228 ipsos
270 2143 499 2224 insequentes,
525 2162 603 2205 cum
627 2141 697 2205 illis
713 2162 847 2224 quoque
867 2146 1072 2224 pugnantes,
1094 2164 1150 2206 eos
1167 2164 1274 2226 usque

154 2233 192 2296 in
208 2231 354 2295 Nuriam
369 2231 593 2314 impulerunt.
633 2230 761 2295 Verum
777 2231 858 2313 quia
873 2232 973 2314 nigra
988 2253 1057 2294 nox
1072 2236 1272 2308 accesserat,

110 2344 140 2383 ro
156 2325 192 2386 et
221 2321 402 2403 utriusque
432 2319 540 2404 partis
570 2319 743 2383 vulnerati
774 2323 872 2383 erant
903 2320 1030 2383 milites
1061 2320 1268 2402 plurimum⁰

156 2410 331 2493 nimioque
368 2408 510 2492 fatigati
549 2408 675 2484 labore,
715 2409 983 2472 innumerabiles
1022 2409 1100 2491 equi
1140 2407 1273 2473 Cremo·

155 2499 312 2563 nensium
338 2503 373 2562 et
396 2497 632 2561 Parmensium
655 2497 829 2561 vulnerati
854 2501 888 2561 et
912 2497 1097 2572 interfecti,
1127 2501 1273 2580 utraque

156 2607 235 2672 pars
272 2587 467 2651 voluntarie
506 2587 645 2650 secessit
655 2587 675 2647 2.
738 2587 781 2648 Iu
823 2607 890 2669 quo
932 2586 1040 2669 prelio
1078 2587 1274 2650 Placentini

156 2679 322 2760 oeperunt
346 2675 436 2739 eirca
460 2678 598 2739 centum
616 2674 743 2738 milites
763 2676 805 2738 de
822 2676 1007 2738 maioribus
1023 2678 1058 2739 et
1074 2675 1274 2740 melioribus

110 2786 138 2827 rs
157 2764 324 2830 Cremona
340 2767 376 2828 et
391 2764 523 2839 Parme,
540 2763 632 2827 inter
648 2785 732 2846 quos
748 2764 817 2826 fuit
829 2764 941 2828 Ysaac
958 2766 1000 2827 de
1015 2764 1172 2840 Dovaria,
1190 2768 1273 2828 tuno

156 2852 320 2937 temporis
336 2853 459 2917 Parme
476 2855 644 2936 poteslas
671 2853 713 2916 de
730 2852 941 2917 Placentinis
961 2854 1054 2937 capti
1069 2854 1167 2917 fuere
1183 2855 1275 2918 inter

156 2942 284 3006 milites
308 2945 343 3006 et
366 2942 500 3025 pedites
522 2941 559 3003 in
584 2941 679 3023 equis
699 2944 735 3004 et
753 2943 789 3004 in
804 2942 968 3006 iumentis
985 2943 1075 3006 circa
1091 2943 1163 3016 LX,
1183 2943 1275 3006 iuter

58 3056 137 3104 aaa.
156 3031 330 3095 scuderios
355 3034 391 3095 et
415 3030 575 3094 *rusticos
595 3030 685 3093 circa
702 3028 797 3105 000,
822 3051 906 3113 quos
925 3032 961 3093 iu
978 3031 1053 3094 loco
1070 3031 1274 3095 Pontenurii

156 3120 315 3184 sedentes
338 3123 374 3184 et
395 3119 548 3183 iacentes
572 3119 783 3182 desarmatos
806 3119 977 3184 invenere.

109 3232 137 3271 ro
263 3208 345 3272 Alia
374 3208 430 3272 die
461 3208 553 3291 apud
577 3207 825 3270 Pontenurium
851 3208 1127 3271 Mediolanenses
1157 3229 1273 3291 expec·
1293 3238 1391 3286 aaa

155 3300 272 3361 tentes
281 3297 302 3375 ³,
331 3318 408 3360 cum
439 3297 522 3379 ipsis
548 3291 678 3360 dictos(¹
712 3297 931 3378 insequentes
962 3296 1054 3359 ultra
1077 3294 1272 3371 Clavenam

156 3385 323 3450 desubtus
346 3406 367 3449 a
390 3385 548 3448 Fontana
571 3405 761 3468 perunum
789 3384 973 3447 miliarium
999 3383 1164 3448 Cremone
1189 3384 1273 3446 mili·

155 3474 240 3538 tiam
265 3479 301 3538 et
330 3493 491 3556 magnam
521 3476 654 3557 partem
688 3473 807 3556 populi
836 3472 1061 3549 invenientes
1093 3473 1151 3554 qui
1181 3476 1273 3536 retro

155 3583 218 3646 pro
242 3563 388 3627 aliorum
412 3563 604 3625 munitione
634 3567 879 3635 remanserant,
911 3562 1058 3645 prelium
1089 3582 1166 3625 cum
1190 3561 1273 3644 ipsis

109 3770 137 3811 ⁸5
155 3773 179 3820 a)
192 3764 274 3811 mdtale
287 3771 310 3810 t.
325 3772 340 3811 l.
355 3781 373 3810 e.
419 3769 442 3820 b)
456 3770 544 3809 motulis
558 3771 580 3809 lc.
595 3770 609 3810 l.
623 3781 641 3812 e.
691 3768 711 3819 o)
725 3769 815 3818 plurimi
829 3770 984 3809 censentiendum
998 3779 1041 3808 esse
1055 3771 1145 3812 secur.
1190 3768 1214 3818 d)
1227 3771 1274 3817 fer·

155 3829 213 3863 tasse
226 3824 384 3864 Cremonenses
397 3825 431 3863 oet
439 3825 510 3873 plura
522 3823 648 3872 supplenda.

156 4004 183 4070 1)
201 4002 272 4068 Any.
285 4005 328 4058 29.
347 4002 556 4054 Mediolanenses
573 4000 680 4051 Padum
704 4001 816 4064 sinnam
840 4002 981 4052 transiisse
1004 4001 1091 4052 Notae
1117 3999 1144 4051 S.
1166 4001 1276 4064 Georyii

155 4075 174 4128 l.
194 4074 211 4127 l.
231 4073 361 4138 referrent.
446 4073 473 4140 2)
494 4071 536 4136 Cf.
555 4088 641 4138 supra
657 4087 684 4137 p.
698 4073 741 4134 51,
760 4088 788 4125 n.
803 4073 826 4125 1.
871 4072 957 4122 Victus
981 4087 1034 4122 esse
1058 4070 1226 4122 Placentinos
1251 4074 1275 4118 et

154 4144 361 4197 Mediolanenses
387 4144 511 4208 referunt
540 4143 687 4194 Tolosanus
714 4159 734 4196 c.
756 4144 815 4207 151,
848 4143 886 4195 ed.
914 4143 1037 4194 Boi-sieri
1058 4157 1086 4206 p.
1107 4143 1167 4203 698,
1201 4141 1272 4192 Ana.

106 4233 136 4272 4ο
155 4216 285 4280 Gramen„
311 4215 421 4267 Sicerdi
445 4214 528 4279 Cont,
547 4213 619 4267 Ann.
638 4213 730 4266 Parin.
750 4215 823 4276 mai,
848 4215 878 4263 in
902 4213 997 4278 quibus
1021 4214 1100 4263 etiem
1126 4210 1273 4261 Oreinenses

153 4291 178 4339 et
203 4286 355 4338 Laudem
380 4301 398 4336 a
418 4290 500 4352 pnite
524 4285 739 4336 Placentinorum
767 4284 879 4347 affecisse
904 4284 1038 4336 dicuntur.
1083 4282 1117 4331 In
1142 4282 1219 4332 Notis
1245 4281 1272 4333 S.

155 4357 269 4423 Geerpii
285 4357 302 4410 l.
323 4357 339 4410 l.
359 4359 439 4408 etiem
464 4359 493 4408 et
517 4354 597 4406 multi
624 4370 718 4407 eorum
744 4353 818 4420 capti
839 4352 951 4404 fuerunt
976 4355 1006 4405 de
1033 4351 1274 4403 Mediolanensibus

153 4429 254 4480 dietum
270 4428 375 4480 vidtur
393 4443 452 4482 esse.
524 4425 551 4494 3)
570 4426 632 4479 Scit.
652 4425 806 4478 Placentini.
