2962 4936
241 419 277 471 44
400 413 591 469 IOHANNIS
609 413 856 469 OODAGNELLI
869 413 1055 469 ANNALss
1073 415 1109 471 A.
1124 419 1200 474 1213.

145 607 222 661 1213.
242 599 370 663 milites
393 603 429 664 et
452 618 578 681 magna
601 618 680 681 pars
703 597 834 682 populi,
858 617 924 680 que
947 599 1039 662 circa
1056 598 1248 664 Mediolani
1270 619 1361 663 earo·

242 688 332 753 cium
363 688 483 752 adesse
514 686 672 763 debebat,
704 707 782 751 oum
805 686 975 750 militibus
1003 690 1039 751 et
1062 687 1139 751 aliis
1162 687 1360 751 homiuibus

241 777 278 840 in
301 776 410 860 prelio
434 776 545 859 captis
568 778 604 839 et
627 796 706 839 cum
728 775 931 858 temptoriis,
960 776 1087 859 spoliis,
1111 776 1213 852 robis,
1238 776 1357 851 bobus,

242 866 338 949 equis
369 868 404 929 et
428 864 564 928 cariolis
588 863 869 928 Cremonensium
894 865 938 928 ad
961 885 1024 928 sua
1046 867 1213 929 venerant
1236 868 1359 941 castra,

241 955 315 1019 fere
339 973 456 1018 omnes
475 953 518 1017 de
537 952 646 1036 prelio
661 952 871 1029 recedentes,
896 957 1011 1037 preter
1027 953 1204 1018 Placentie
1220 953 1359 1030 milites,
1383 977 1395 1014 s

242 1044 301 1126 qui
324 1044 360 1106 in
383 1043 458 1127 ipso
474 1041 566 1106 bello
584 1042 720 1125 egregie
736 1044 908 1106 steterunt
925 1045 961 1106 et
976 1063 1054 1106 cum
1071 1041 1360 1107 Cremonensibus

241 1133 367 1196 acriter
389 1133 634 1215 pugnaverant
663 1133 699 1195 et
728 1130 812 1215 ipsis
834 1131 982 1195 viriliter
1012 1134 1048 1195 et
1072 1130 1234 1196 bellicose
1264 1132 1360 1196 resti·

240 1224 370 1287 terunt.
415 1220 581 1285 Videntes
611 1220 751 1284 interim
781 1219 909 1283 milites
940 1223 975 1284 et
1005 1220 1153 1304 populus
1181 1218 1359 1297 Cremona,

241 1311 301 1392 qui
319 1310 364 1374 ad
380 1308 548 1374 Cremone
566 1309 738 1374 earocium
756 1303 946 1391 [aderant⁸,
966 1308 1157 1374 Mediolani
1175 1305 1357 1390 carosium]

242 1398 445 1464 derelictum
469 1418 542 1463 esse
566 1401 602 1462 et
619 1398 798 1462 recessisse
814 1397 975 1461 militiam
991 1397 1191 1475 Mediolani,
1216 1399 1360 1463 cumeis
1379 1423 1404 1460 ιο

240 1488 484 1572 preliaverunt.
531 1486 765 1571 Percipientes
792 1489 908 1550 autem
932 1487 1208 1552 Mediolanenses
1231 1487 1292 1570 qui
1315 1487 1359 1551 ad

241 1577 412 1641 carosium
447 1578 685 1640 remanserant
720 1575 859 1639 minime
889 1576 1048 1640 resistere
1081 1596 1189 1660 posse,
1226 1577 1359 1640 carocio

240 1667 278 1729 in
300 1658 470 1748 quodamb
498 1665 625 1749 palude
648 1657 804 1742 reliesob,
835 1665 871 1727 in
896 1658 983 1747 quob
1011 1665 1161 1748 pervim
1186 1664 1276 1727 illud
1300 1665 1359 1727 im-

240 1747 454 1838 pulserantl,
479 1756 694 1818 recesserunt
717 1757 752 1817 et
770 1773 887 1817 versus
912 1757 1025 1818 eastra
1047 1753 1241 1830 redierunt,
1267 1754 1357 1835 quod

241 1843 413 1907 carocium
451 1841 697 1907 Cremonenses
741 1845 862 1926 postea
907 1843 950 1906 de
994 1842 1121 1927 palude
1166 1844 1360 1906 extractum
1379 1865 1403 1903 a

241 1932 439 1996 habuerunt
457 1935 493 1995 et
509 1930 713 1996 Cremonam
735 1930 824 1994 illud
849 1932 1032 2007 duxerunt,
1056 1934 1092 1995 et
1114 1932 1152 1994 in
1175 1932 1250 2015 ipso
1267 1930 1358 1995 bello

133 2041 221 2088 *assa
241 2024 409 2104 ceperunt
439 2021 529 2085 circa
558 2020 661 2083 XXX
685 2020 828 2084 *milites
851 2020 1042 2084 Mediolani
1072 2024 1107 2084 et
1136 2020 1209 2084 eius
1240 2021 1356 2104 partie,

241 2110 283 2173 de
314 2109 489 2193 peditibus
520 2112 555 2174 et
584 2109 781 2174 hominibus
805 2108 995 2173 Mediolani
1024 2109 1156 2174 eteius
1180 2109 1358 2173 districtus

240 2198 312 2262 fere
336 2198 431 2263 mille
454 2199 610 2263 homines
623 2199 644 2260 1.

97 2310 223 2359 aaaron
347 2287 412 2352 Die
431 2287 523 2352 Iovis
548 2334 555 2349 .
575 2337 581 2349 .
600 2292 628 2349 .⁰
652 2288 778 2351 mensis
802 2288 955 2351 eiusdem
971 2287 1066 2349 Iunii
1081 2286 1358 2351 Mediolanenses
1377 2311 1403 2348 ao

240 2396 315 2440 eum
349 2377 482 2441 oarocio
518 2380 553 2441 et
587 2377 748 2440 universa
777 2380 881 2460 gente
916 2396 1032 2440 eorum
1068 2376 1287 2439 intraverunt
1321 2376 1358 2438 iu

239 2464 464 2541 Iromelinam,
489 2464 691 2529 Mortariam
715 2471 750 2530 et
767 2464 1020 2529 Camboladum
1045 2467 1080 2528 et
1103 2464 1298 2528 Lomellum
1322 2466 1358 2528 et

239 2554 420 2618 Ulevalum
454 2556 489 2617 et
520 2553 630 2617 multa
661 2554 730 2617 alia
760 2553 836 2618 loca
864 2555 1029 2638 ceperunt
1053 2555 1088 2617 et
1112 2554 1358 2617 destruxerunt

239 2646 275 2706 et
306 2643 549 2718 conbuserunt,
581 2647 714 2724 segetes
744 2663 880 2725 quoque
909 2645 944 2706 et
967 2642 1053 2705 alias
1076 2662 1130 2706 res
1154 2641 1358 2726 depopulati

238 2731 392 2808 fuerunt,
425 2731 580 2794 homines
607 2730 885 2807 innumerabiles,
917 2731 1045 2794 bestias
1075 2733 1111 2795 et
1140 2730 1226 2794 alias
1255 2731 1357 2794 robas
1376 2755 1401 2793 a

238 2819 319 2883 inde
343 2819 525 2883 duxerunt.

238 3031 260 3075 a)
279 3028 339 3066 senne
357 3027 441 3066 Inclusa
459 3028 569 3076 suppleam
589 3025 696 3068 Videntes
716 3032 789 3067 autem
809 3027 969 3067 Cremonenses
995 3039 1135 3068 aarroeerum
1155 3028 1356 3068 Mediolanensium

239 3083 286 3120 fere
305 3079 437 3120 derelictum
451 3081 514 3124 Gale.
527 3081 637 3132 Flamma,
654 3081 738 3130 Manip.
752 3082 826 3123 aaa
890 3081 913 3130 b)
930 3082 961 3120 sie
974 3092 993 3124 c.
1057 3081 1078 3129 c)
1098 3092 1200 3120 numerus
1213 3083 1305 3122 omnnia
1318 3086 1356 3129 est,

239 3139 257 3172 et
272 3132 370 3174 eiusdem
385 3135 466 3174 mensis
480 3135 630 3183 cernendum
644 3135 741 3183 videtum·
759 3135 838 3177 IL-Br.
854 3132 932 3174 Idibus
945 3146 987 3182 pro
1002 3133 1101 3174 eiusdem
1116 3137 1226 3183 tiendum
1240 3145 1285 3174 esse
1297 3134 1356 3181 falso

238 3186 845 3235 conieett;xl1.d1eIunIIMoneriamdesrruxerunt
865 3188 928 3227 Galo.
944 3189 1046 3226 Flamma
1060 3190 1074 3230 l.
1084 3190 1106 3237 l.,
1127 3189 1164 3227 sed
1177 3189 1225 3227 eide
1238 3191 1357 3238 sequentem
1375 3190 1401 3229 ³0

239 3246 318 3283 notam.

240 3401 264 3470 1)
290 3401 362 3455 inter
387 3402 487 3455 milites
514 3407 541 3454 et
568 3401 674 3469 pedites
692 3401 764 3454 ultra
783 3403 899 3469 quatuor
918 3400 991 3453 milia
1013 3402 1125 3468 Oqerins
1144 3402 1228 3452 Panis
1242 3418 1272 3468 p.
1288 3404 1355 3468 1333

237 3472 290 3526 triu
316 3473 392 3526 milia
421 3476 448 3526 et
478 3517 483 3528 .
505 3516 510 3527 .
532 3516 537 3527 .
558 3517 564 3528 .
593 3489 625 3525 eo
654 3471 771 3539 amplius
796 3470 1041 3525 Mediolanensium
1063 3474 1135 3527 Ann.
1155 3474 1288 3540 Baream,
1308 3472 1355 3525 SS.

238 3545 348 3612 XVIII,
364 3562 394 3612 p.
407 3548 460 3601 809
476 3569 506 3588 --
522 3546 606 3597 ‘Mira
625 3544 656 3595 di
671 3547 757 3596 steria
770 3545 900 3597 Italiana'
916 3545 946 3607 V,
961 3546 1069 3611 12.224;
1088 3544 1176 3596 multa
1194 3542 1269 3595 milia
1282 3544 1355 3597 Ann.

238 3615 357 3672 Crenion.
384 3617 506 3668 Nimiam
534 3617 610 3680 fidem
638 3616 701 3668 hiric
727 3616 855 3668 relatr'oni
882 3615 1035 3682 Codnynelli
1060 3616 1131 3668 dedit
1159 3615 1355 3678 Winleelmann,
1375 3630 1399 3668 so

237 3687 356 3742 ‘Forsan
375 3705 398 3740 z.
417 3689 452 3742 D.
474 3687 576 3740 Geren!
592 3687 653 3752 VII,
669 3704 699 3753 p.
712 3690 764 3742 299
776 3703 831 3754 sqq.
854 3693 876 3738 et
895 3686 964 3738 ‘Otto
977 3687 996 3737 1
999 3687 1037 3741 V!
1054 3704 1083 3753 p.
1096 3689 1150 3740 414
1162 3703 1199 3752 eq.
1235 3686 1356 3738 Devictus

236 3764 260 3809 et
281 3764 435 3824 prostratos
459 3774 511 3809 esse
529 3758 739 3810 Malielanenses
762 3765 869 3826 praeter
894 3759 942 3810 bos
966 3774 1032 3824 qnos
1056 3759 1177 3809 diximus
1201 3773 1255 3809 non
1279 3759 1355 3809 modo

237 3829 347 3881 Sicerdi
358 3829 441 3895 Cant,
459 3830 505 3880 sed
517 3836 540 3880 et
552 3831 623 3881 Ann.
637 3829 742 3882 Medici.
756 3829 861 3883 beans.
878 3847 906 3897 p.
917 3832 978 3893 392,
992 3831 1064 3883 Ann.
1077 3829 1104 3883 S.
1118 3830 1241 3880 Iustinae
1252 3828 1356 3890 Putea,

237 3899 285 3954 SS.
299 3900 381 3965 XIX,
397 3917 426 3966 p.
441 3903 502 3966 150,
524 3900 674 3952 Toleranda
691 3916 711 3954 e.
726 3903 777 3955 140
792 3925 823 3942 =
839 3900 935 3954 Cbron.
955 3901 1049 3965 Mani,
1066 3901 1113 3953 SS.
1127 3900 1203 3951 XXI
1205 3901 1233 3964 V,
1250 3916 1279 3966 p.
1293 3902 1353 3963 318,

237 3971 384 4030 Riecodald,
398 3973 521 4039 Ferrea,
532 3972 679 4038 Maratorr',
691 3972 739 4024 SS.
751 3970 803 4036 IX,
815 3972 860 4025 col.
871 3973 931 4037 126,
944 3972 1096 4036 Schiaeina,
1110 3972 1182 4024 Ann.
1193 3971 1353 4034 Alexandr,
1373 3986 1400 4023 ro

236 4043 307 4096 Hist.
321 4050 397 4110 petr.
417 4044 499 4108 Mon,
517 4043 565 4098 SS.
584 4043 636 4106 IV,
659 4043 704 4098 eol,
720 4046 770 4098 149
783 4059 830 4110 eq,
856 4042 926 4096 Will.
952 4043 1047 4107 Britte,
1066 4042 1114 4096 SS.
1128 4041 1238 4107 XXVI,
1254 4044 1354 4109 neoc.

235 4115 366 4178 referant.
405 4116 492 4181 Neque
510 4117 559 4181 qui
575 4117 664 4166 minen
682 4115 801 4178 infelicia
828 4114 859 4164 de
876 4113 1117 4165 Mediolanensibus
1139 4114 1261 4178 tradant,
1281 4112 1353 4165 Ana.

235 4185 328 4239 Parni.
344 4203 374 4253 p.
387 4189 447 4251 666,
470 4187 539 4240 Ann.
559 4186 640 4238 Bria.
658 4204 685 4253 p.
699 4188 761 4250 817,
779 4185 883 4236 Allerti
899 4184 999 4235 Milioli
1016 4183 1097 4234 Liber
1114 4185 1145 4234 de
1163 4189 1239 4250 amp.
1258 4199 1279 4236 c.
1292 4186 1354 4248 211,

235 4259 308 4311 Ana,
328 4258 434 4311 Medici.
453 4260 569 4309 minem
589 4274 618 4323 p.
631 4260 693 4321 398,
712 4257 790 4310 Mem.
811 4256 915 4309 Medici.
934 4273 960 4322 p.
974 4257 1035 4320 401,
1057 4254 1148 4309 ‘Cion
1165 4254 1196 4304 di
1213 4254 1354 4319 Beleena',

235 4327 382 4393 Metrodori,
396 4328 444 4382 SS.
458 4328 570 4392 XVIII,
588 4328 635 4383 eol.
646 4331 708 4393 251,
727 4327 880 4392 Codnenelli
890 4327 1044 4378 relationem
1056 4326 1224 4391 confirmant,
1244 4341 1355 4392 quocum
1373 4340 1399 4380 45

235 4399 434 4466 aliquantulam
453 4402 618 4451 ‹tornentinnt
635 4401 706 4452 solae
725 4399 808 4450 Notae
827 4397 853 4452 S.
869 4397 979 4462 Georgii
996 4397 1102 4450 Medici.
1117 4413 1146 4462 p.
1160 4399 1221 4452 388.
