2962 4936
319 456 509 512 IOHANNIS
528 457 774 512 GODAGNELLI
791 457 972 513 ANNALES
991 459 1026 515 A.
1041 463 1119 517 1230.
1232 463 1283 517 101

164 649 202 709 et
225 642 410 726 prudentie
439 642 548 719 miles,
579 642 792 706 honorabilis
823 645 859 707 et
889 643 1196 707 excellentissimus
1219 644 1382 721 vir,1aso.

164 734 202 796 in
226 731 329 794 armis
353 730 486 795 bellicis
509 731 778 815 potentissimus,
804 731 945 816 cupiens
963 731 1144 796 affectanti
1168 733 1282 798 animo

165 823 209 886 ad
239 820 492 904 expeditionem
522 821 693 898 accedere,
725 820 846 885 nolens
876 820 1097 885 Placentinos
1128 824 1163 885 et
1191 821 1282 886 viros

164 910 308 985 nobiles,
343 909 403 991 qui
436 909 473 971 in
507 909 582 992 ipso
614 909 766 973 exercitu
797 910 951 986 aderant,
987 910 1071 974 belli
1104 910 1282 974 fortunam

124 1025 140 1064 s
164 1000 293 1082 absque
317 1018 357 1062 eo
380 1000 561 1081 temptare,
586 1018 664 1061 cum
680 998 744 1061 LX
760 998 928 1063 militibus
944 998 1123 1063 Placentie
1148 998 1281 1064 *electis
1301 1021 1330 1071 ν.
1342 1022 1403 1068 roob.

164 1108 268 1153 causa
291 1087 531 1171 proficiscendi
554 1087 590 1149 in
613 1087 689 1171 ipsa
712 1087 930 1172 expeditione
961 1108 1022 1171 per
1045 1092 1173 1152 terram
1196 1110 1281 1152 mar·

164 1177 297 1241 chionis
320 1176 514 1258 Malaspine
538 1179 573 1239 et
596 1176 751 1240 Terdone
774 1177 867 1240 idem
890 1177 1049 1240 dominus
1064 1177 1281 1241 Raimundus

163 1267 207 1330 ad
231 1286 310 1330 suas
333 1266 488 1349 proprias
512 1285 677 1348 expensas
694 1287 771 1329 cum
787 1265 870 1349 ipsis
886 1265 1056 1329 militibus
1071 1265 1281 1331 festinanter

161 1375 303 1439 pergere
320 1355 463 1431 curavit,
480 1354 615 1436 ingenti
627 1354 738 1438 gloria
750 1358 785 1418 et
796 1354 924 1438 gaudio
936 1357 972 1418 et
983 1354 1090 1418 nimio
1101 1355 1279 1439 triumpho

115 1471 142 1510 10
161 1445 205 1508 ab
229 1444 388 1507 omnibus
410 1446 580 1526 receptus.
628 1443 672 1505 Et
697 1444 778 1506 dum
803 1445 867 1507 hec
898 1447 976 1507 acta
1004 1446 1126 1519 essent,
1152 1444 1280 1508 Medio-

160 1533 319 1598 lanenses
349 1535 476 1609 autem,
507 1532 566 1614 qui
596 1533 690 1616 apud
711 1532 887 1596 Vercellas
918 1533 1072 1609 aderant,
1104 1535 1139 1596 et
1168 1533 1201 1595 N
1204 1554 1278 1596 ova-

159 1622 299 1695 nenses,
339 1621 537 1684 Laudenses
575 1624 611 1684 et
649 1620 874 1698 Brixienses1,
915 1622 974 1704 qui
1011 1621 1061 1684 ibi
1099 1625 1275 1700 venerant,

160 1731 278 1775 omnes
304 1710 433 1774 ibidem
457 1711 658 1794 congregati
681 1730 758 1774 cum
775 1710 1052 1775 Vercellensibus
1076 1712 1120 1774 ad
1145 1711 1276 1776 Oasale·

159 1799 375 1869 Salvasium²
390 1802 606 1883 perexerunt,
625 1801 669 1863 ad
685 1799 873 1864 exercitum
889 1820 1030 1883 pergere
1042 1803 1275 1883 properantes.

113 1914 140 1954 ιο
158 1888 225 1953 Die
241 1888 385 1952 Veneris
408 1888 472 1951 XI.
497 1888 576 1951 Kal.
600 1888 705 1951 Iulii⁸
732 1889 776 1951 ad
807 1889 995 1952 exercitum
1023 1889 1113 1953 circa
1136 1890 1276 1954 Monba·
1296 1916 1343 1958 an.
1354 1917 1387 1957 21.

157 1979 292 2040 rueium
305 1977 510 2042 existentem
522 1976 687 2042 velociter
700 1979 854 2060 equitare
866 1977 1129 2054 festinaverunt,
1146 1978 1275 2044 ibidem

158 2087 288 2130 moram
312 2066 490 2130 facientes.
537 2067 646 2130 Facta
680 2069 798 2131 autem
833 2070 885 2130 est
920 2088 987 2150 pax
1022 2069 1057 2130 et
1093 2069 1276 2133 concordia

60 2175 137 2221 naso.
156 2155 249 2220 inter
272 2156 505 2219 marchionem
526 2156 567 2218 de
584 2155 841 2219 Monte-ferato
858 2158 893 2219 et
910 2155 1067 2219 civitates
1084 2154 1274 2222 *societatis

156 2244 368 2322 Lonbardie;
393 2244 452 2327 qui
475 2244 602 2307 iuravit
620 2247 872 2308 sacramentum
888 2244 1063 2308 societatis
1078 2245 1273 2311 Lonbardie

110 2359 137 2398 ao
154 2333 356 2410 rectoribus,
387 2353 508 2416 pacem
538 2335 573 2397 et
602 2353 762 2416 guerram
791 2332 999 2408 civitatibus,
1033 2333 1118 2396 locis
1142 2337 1177 2397 et
1200 2355 1272 2417 per-

155 2422 248 2486 sonis
279 2423 323 2485 ad
352 2421 570 2486 intellectum
600 2424 773 2486 rectorum
803 2422 918 2485 facere
949 2425 984 2485 et
1013 2425 1132 2486 tenere
1142 2422 1163 2483 ³.
1217 2423 1272 2486 In-

155 2532 258 2594 super
301 2531 359 2575 sex
401 2511 536 2574 obsides
580 2512 621 2575 de
663 2511 849 2574 maioribus
891 2515 927 2574 et
970 2511 1169 2575 melioribus
1211 2533 1271 2577 sue

153 2603 245 2664 terre
275 2600 312 2662 in
342 2600 471 2664 virtute
503 2603 677 2664 rectorum
706 2599 862 2684 prebens.
916 2598 992 2678 Quo
1022 2600 1117 2664 facto
1152 2600 1271 2664 statim

154 2693 268 2753 castra
290 2691 467 2753 moventes
489 2689 525 2751 in
549 2691 676 2753 terram
700 2689 918 2753 inimicorum
937 2709 1054 2753 eorum
1070 2689 1271 2753 Astensium

106 2803 135 2843 2⁶
153 2778 283 2842 intrare
311 2780 520 2842 statuerunt.
566 2778 632 2841 Die
663 2799 798 2861 quoque
829 2778 965 2842 sabbati
987 2779 1058 2841 ΙΙΙ.
1083 2778 1162 2842 Kal.
1188 2779 1271 2842 Iulii
1289 2805 1383 2850 rusae.

152 2867 191 2928 in
225 2867 424 2931 Astensium
462 2867 680 2931 intraverunt
716 2871 855 2943 terram,
893 2867 1014 2931 fenum
1053 2872 1089 2931 et
1126 2873 1269 2951 segetes,

153 2955 264 3018 linum
288 2959 323 3020 et
346 2955 531 3038 legumina,
556 2957 673 3020 vineas
693 2959 728 3021 et
745 2957 882 3020 arbores
899 2956 1100 3041 depopulati
1115 2958 1268 3035 fuerunt,

152 3044 253 3108 villas
284 3065 418 3127 quoque
452 3048 487 3108 et
514 3044 591 3109 loca
620 3045 887 3109 innumerabilia
916 3046 996 3128 igne
1021 3050 1268 3110 cremaverunt.

152 3133 316 3197 Tentoria
345 3135 485 3216 quidem
515 3155 584 3197 non
609 3134 775 3197 distantia
799 3154 820 3197 a
843 3133 983 3197 civitate
1007 3155 1068 3217 per
1092 3136 1159 3198 duo
1184 3135 1269 3198 mili-

104 3248 134 3287 so
152 3222 225 3286 aria
248 3225 447 3306 posuerunt,
473 3224 719 3305 deguastantes
743 3225 778 3286 et
801 3223 882 3304 igne
899 3225 1090 3286 cremantes
1113 3224 1187 3288 fere
1208 3245 1269 3307 per

151 3310 226 3374 XII
250 3312 397 3375 miliaria
416 3312 507 3375 circa
523 3311 709 3376 civitatem.
749 3310 991 3375 *Alexandrini
1006 3311 1124 3392 itaque
1141 3312 1268 3376 milites
1289 3338 1389 3387 *mooe

151 3403 187 3464 et
222 3400 375 3464 eiusdem
410 3401 561 3463 civitatis
599 3400 760 3484 plebagii,
801 3400 928 3463 milites
967 3399 1106 3482 quidem
1140 3399 1266 3477 Brixia,

151 3488 280 3564 Laude,
297 3489 532 3553 Vercellarum
557 3491 593 3552 et
608 3489 757 3553 Novaria
780 3489 923 3552 fluvium
938 3487 1064 3551 Tanari
1079 3508 1141 3570 per
1157 3490 1267 3552 undas

149 3577 258 3661 ipsius
281 3578 378 3641 fluvii
401 3580 631 3653 transcuntes,
658 3578 759 3641 villas
783 3581 818 3642 et
841 3577 918 3641 loca
941 3580 976 3642 et
1000 3597 1041 3640 ea
1064 3577 1178 3640 omnia
1201 3598 1267 3660 que

102 3690 131 3731 aa
149 3666 358 3731 invenerunt
386 3667 591 3749 ferensque
620 3667 657 3729 in
688 3666 807 3749 burgis
837 3669 873 3731 et
901 3666 1093 3731 accessibus
1117 3666 1267 3730 civitatis

148 3855 171 3907 a)
185 3858 266 3900 emend.
280 3858 375 3907 H.-Br.;
388 3857 444 3897 lunii
457 3869 475 3900 ο.

149 4017 176 4083 1)
195 4017 353 4069 Briaienscs
368 4035 453 4086 supra
467 4020 569 4086 p.100,
588 4019 604 4071 l.
619 4019 644 4072 9.
660 4032 816 4069 succursum
831 4033 966 4071 recusasse
980 4019 1115 4074 duamur.
1171 4018 1198 4088 2)
1217 4020 1267 4072 aa

149 4087 244 4140 Casula
261 4088 356 4140 Sancti
372 4090 498 4153 Evitccii,
524 4093 602 4141 caius
618 4104 711 4141 nomen
729 4089 848 4152 fortasse
865 4091 921 4140 iam
938 4092 994 4157 ipse
1013 4089 1192 4156 Codapnellus
1209 4105 1267 4142 cor·

147 4160 232 4226 rupit.
271 4160 313 4223 Cf.
332 4176 419 4227 supra
432 4163 519 4228 1249,
539 4161 556 4214 l.
570 4163 613 4215 34.
721 4161 749 4227 3)
778 4160 820 4223 Cf.
848 4160 930 4214 Guill.
955 4161 1086 4212 Venturae
1111 4161 1187 4214 Mem.
1206 4162 1266 4217 Aa.

98 4243 130 4282 40
148 4245 169 4284 c.
182 4232 226 4294 25,
244 4231 316 4285 Hat.
332 4237 406 4299 patr.
424 4232 508 4298 Mon,
527 4232 575 4285 SS.
594 4232 650 4297 III,
670 4231 714 4285 col.
728 4233 781 4285 734
805 4236 852 4294 (=
873 4231 963 4295 Giofr.
982 4232 1013 4284 dc
1031 4232 1155 4298 Ecclesia,
1174 4232 1265 4287 ‘Orsa

148 4301 180 4352 di
196 4301 331 4367 Soluzzo',
351 4303 385 4357 ib.
404 4304 450 4357 col.
463 4305 525 4366 899,
542 4303 612 4354 unde
630 4303 717 4354 eadem
738 4302 873 4354 Galeottuc
890 4303 922 4354 dc
940 4302 1060 4354 Ocrrctto
1078 4305 1108 4354 in
1128 4303 1217 4358 ‘eron
1236 4306 1268 4356 di

147 4372 361 4440 Monteferroto',
389 4375 424 4428 ib.
449 4374 494 4429 col.
516 4376 607 4438 1051),
634 4375 682 4425 ubi
707 4373 805 4424 dictum
828 4379 865 4425 cst
887 4389 939 4440 per
961 4375 1077 4440 quinque
1103 4377 1268 4442 septimanas

147 4442 244 4496 Casan
260 4450 379 4497 matrum
396 4445 526 4498 obsessum
543 4460 604 4499 csse.
