2962 4936
305 445 495 502 ronnnnrs
514 444 760 498 OODAGNELLI
779 444 959 499 Anninus
977 445 1105 501 111113.
1229 450 1263 502 m

145 631 270 699 nullus¹
287 633 424 714 poterat
446 630 587 702 intrare,
613 628 679 691 nisi
702 649 762 711 per
781 629 866 692 duas
884 632 1001 712 portas
1020 630 1262 707 strictissimas
1284 638 1361 691 1213.

145 721 264 784 rostris
288 723 324 784 et
348 718 424 782 aliis
447 717 713 782 fortitudinibus
737 719 884 800 aptatas,
916 737 978 780 sua
1007 717 1135 782 ibidem
1160 720 1262 783 fixere

145 809 306 885 tentoria,
340 807 529 892 *sperantes
561 808 596 870 et
626 806 805 870 credentes
835 806 871 868 in
895 807 970 889 ipsa
994 807 1103 871 veluti
1126 809 1161 877 in
1187 808 1263 872 Cre·
1283 830 1371 879 *sena

146 918 246 962 mone
270 897 412 961 civitate
435 915 533 980 posse
557 896 724 959 securiter
738 898 829 958 stare
850 898 885 959 et
902 916 1110 978 permanere.
1150 896 1263 983 Statu-

109 1013 122 1050 s
146 990 245 1051 erant
264 986 354 1050 enim
371 985 438 1069 ipsi
454 983 700 1048 Cremonenses
724 986 857 1065 segetes
881 987 916 1047 et
940 984 1024 1047 alias
1047 1005 1101 1049 res
1119 984 1259 1049 Cremea

145 1078 280 1140 vastare
304 1078 340 1138 et
364 1065 564 1157 dissipareb,
594 1072 650 1136 vel
674 1072 937 1156 expeditionem,
971 1093 1074 1156 quam
1101 1074 1263 1141 Mediola-

145 1184 268 1229 nenses
283 1164 400 1227 facere
415 1163 451 1225 in
468 1160 677 1225 Lumilinem
694 1166 953 1245 proposuerant,
978 1162 1116 1226 facilius
1140 1163 1264 1228 debere

147 1256 381 1337 permanere0.
439 1249 515 1329 Quo
550 1250 670 1314 audito
705 1252 741 1313 et
774 1249 954 1314 intellecto
989 1251 1263 1316 Mediolanenses

147 1363 225 1406 cum
249 1341 383 1406 earocio
415 1342 450 1404 et
479 1340 639 1404 universa
662 1341 766 1422 gente
790 1359 908 1402 eorum
932 1342 968 1403 et
992 1359 1068 1403 cum
1094 1341 1263 1408 militibus

102 1430 324 1495 10Placentie
356 1432 391 1494 et
421 1428 540 1492 Laude
575 1431 611 1491 et
641 1427 814 1509 aliquibus
844 1427 993 1491 Novarie
1029 1429 1198 1493 militibus
1229 1435 1264 1494 et

148 1540 226 1583 cum
250 1518 418 1582 militibus
442 1517 641 1582 extrinsecis
659 1517 774 1580 Brixie
797 1517 891 1600 apud
907 1515 1063 1581 Cremam
1088 1539 1262 1602 perexere;

148 1608 273 1674 deinde
304 1607 360 1671 die
390 1605 526 1670 sabbati
556 1606 666 1689 primo
699 1605 824 1670 mensis
855 1606 949 1669 Iunii
983 1627 1100 1670 versus
1131 1606 1263 1672 Cremo·
1283 1634 1332 1675 na.
1343 1636 1362 1676 1.

147 1691 291 1762 nenses‘¹
313 1697 405 1760 ivere
430 1698 465 1759 et
488 1715 557 1758 non
581 1693 728 1757 multum
754 1695 856 1778 longe
880 1695 923 1759 ab
947 1696 996 1759 eis
1019 1697 1116 1762 tuere
1141 1702 1264 1762 castra·

148 1785 303 1850 menta-ti.
343 1784 410 1848 Die
425 1805 506 1848 vero
522 1783 694 1847 dominico
710 1784 747 1846 in
765 1784 856 1847 festo
880 1785 1118 1868 pentecostes1
1141 1787 1265 1849 armati
1284 1813 1334 1850 nm.
1345 1813 1366 1853 2.

103 1902 129 1940 rs
148 1878 184 1940 et
206 1874 357 1938 ordinati
380 1873 518 1938 iverunt
542 1872 586 1936 ad
610 1872 756 1948 bellum;
783 1876 818 1936 et
842 1893 919 1936 cum
935 1874 1171 1958 pervenissent
1187 1897 1264 1938 cum

149 1964 282 2028 earocio
306 1963 397 2026 circa
418 1962 550 2025 fossata
569 1963 604 2025 et
620 1961 857 2039 munitionem,
883 1963 919 2025 in
935 1983 1003 2045 qua
1019 1961 1265 2028 Cremonenses

148 2050 303 2128 aderant,
334 2051 502 2116 accerime
530 2053 566 2114 et
588 2050 777 2114 fortissimo
801 2071 858 2114 eos
882 2052 1110 2133 egrediuntur
1132 2053 1265 2137 impetu

148 2145 184 2206 et
206 2141 241 2204 vi
263 2141 411 2204 maxima
441 2140 478 2202 in
507 2138 570 2203 illa
600 2143 770 2202 conantur
799 2140 929 2210 intrare
960 2141 1168 2214 munitione;
1200 2142 1266 2225 ipsi

148 2250 228 2294 vero
252 2228 497 2294 Cremonenses
527 2248 603 2291 cum
635 2228 705 2290 suis
735 2227 903 2291 ordinatis
934 2229 1033 2292 actiis
1056 2228 1126 2292 illis
1150 2251 1186 2294 se
1210 2231 1265 2293 ob-

104 2347 131 2385 eo
144 2319 238 2382 viam
255 2321 337 2383 ante
353 2317 554 2380 munitionis
570 2319 706 2400 portase
727 2317 949 2400 prebuerunt,
970 2320 1006 2381 et
1021 2318 1115 2381 tubis
1131 2318 1265 2382 bellicis
1293 2374 1295 2378 .
1388 2356 1390 2360 »

149 2407 352 2471 sonantibus
376 2406 419 2470 ab
442 2406 598 2488 utrisque
622 2408 783 2469 certatur.
808 2405 895 2484 *Qui
919 2427 996 2469 cum
1021 2407 1207 2470 deficerent
1230 2413 1265 2471 et

149 2489 290 2560 crebraf
309 2516 348 2560 ae
371 2495 561 2559 fortissima
583 2494 732 2558 hostium
751 2494 838 2559 tella
852 2494 943 2559 ferre
959 2496 1099 2559 minime
1114 2501 1264 2579 possent,

152 2579 350 2668 [videntesii]
375 2585 470 2647 intus
493 2584 603 2667 ipsam
627 2583 854 2648 munitionem
878 2605 939 2668 per
958 2584 1029 2647 vim
1051 2585 1181 2648 intrare
1197 2585 1265 2649 lde-

150 2673 375 2747 diolanenses
407 2672 565 2757 perteniti
593 2676 629 2736 et
656 2693 780 2756 pavore
804 2674 940 2749 comoti,
971 2677 1070 2756 terga
1092 2677 1266 2738 vertentes

105 2793 131 2831 rs
149 2763 266 2846 fugam
300 2763 491 2846 petierunt;
529 2765 661 2845 partem
694 2782 830 2844 quoque
861 2783 977 2827 eorum
1013 2762 1129 2845 gladio
1164 2763 1265 2827 inter·

148 2852 309 2917 fecerunt
319 2852 340 2926 2,
371 2855 505 2934 partem
535 2871 616 2914 vero
646 2851 682 2912 in
711 2851 786 2934 ipso
813 2851 955 2914 flumine
979 2852 1263 2927 submerse1·unt²’‘‚

150 2940 236 3005 alios
251 2961 332 3004 vero
352 2932 408 3003 eth
427 2960 488 3023 per
505 2943 645 3022 pontem
664 2939 713 3003 *et
737 2941 902 3022 pervade
926 2941 1011 3004 Serii
1035 2941 1264 3024 insequentes.
1286 2965 1370 3012 *aare

150 3029 308 3093 omnibus
330 3029 490 3093 tentoriis
521 3030 556 3091 et
580 3027 708 3111 spoliis,
740 3029 836 3110 equis
866 3033 901 3092 et
932 3029 1041 3093 bobus
1072 3032 1107 3093 et
1131 3029 1267 3093 cariolis

150 3117 285 3195 ablatis,
316 3117 427 3181 nichil
454 3116 578 3198 reliqui
611 3120 728 3200 preter
757 3117 875 3200 fugam
906 3117 1075 3195 fecerunt,
1109 3123 1145 3182 et
1175 3118 1267 3182 ultra

106 3238 132 3275 ao
150 3206 284 3271 serium
308 3206 455 3289 amplius
479 3207 627 3288 quatuor
651 3205 791 3269 milibus
811 3206 979 3289 usquead
997 3206 1266 3271 Nucem-casale

151 3315 208 3360 eos
230 3295 451 3378 fugaverunt,
480 3297 623 3378 excepto
647 3294 739 3358 circa
762 3293 846 3358 CCC
871 3294 1008 3371 milites,
1040 3296 1098 3377 qui
1123 3299 1166 3358 ad
1192 3295 1267 3360 Cre-

152 3404 250 3448 mone
270 3383 441 3448 carocium
457 3383 634 3467 fugerunt.
674 3383 717 3445 In
740 3383 814 3466 ipso
838 3403 918 3447 vero
942 3383 1051 3465 prelio
1075 3384 1148 3447 fere
1172 3384 1267 3448 mille

150 3472 278 3537 milites
303 3473 345 3536 de
369 3471 538 3536 Cremona
567 3474 603 3535 et
633 3472 706 3536 eius
730 3472 890 3535 districtu
915 3475 1081 3555 oeperunt
1104 3475 1140 3535 et
1162 3473 1267 3535 habu-

151 3565 262 3639 erunt,
303 3561 345 3625 de
380 3561 556 3645 peditibus
589 3581 669 3624 vero
703 3563 829 3634 tantos,
869 3562 961 3642 quod
999 3560 1114 3625 neseio
1153 3561 1267 3625 dicere

102 3681 132 3719 as
150 3653 298 3733 quantos
307 3651 329 3727 4,
370 3652 405 3714 et
440 3670 517 3713 cum
550 3648 621 3712 illis
656 3648 825 3713 militibus
859 3649 951 3713 ultra
988 3649 1122 3713 Serium
1157 3650 1267 3732 captis

150 3739 425 3803 Mediolanenses
456 3738 499 3802 ab
525 3738 588 3801 illa
611 3742 709 3822 parte
733 3737 820 3801 Serii
844 3739 990 3804 iverunt.
1038 3738 1109 3801 Alii
1133 3759 1267 3821 quoque

150 3929 377 3976 atenuud.11.·13r.,·
395 3939 498 3968 cremone
512 3940 529 3971 c.
599 3928 622 3978 b)
643 3926 760 3978 disurparc
774 3941 799 3978 a,
819 3930 875 3978 quod
894 3930 979 3968 certum
999 3931 1093 3978 iyneium
1108 3941 1154 3968 eum
1170 3930 1267 3978 Cedripo.

150 3993 256 4032 nusquam
271 3983 325 4020 aiibi
338 3983 457 4032 scripserit,
471 3992 535 4031 saepe
548 3993 599 4020 vcro
613 3992 713 4021 cremare
727 3986 750 4020 et
764 3980 873 4031 dissipare
887 3987 933 4031 eie,
948 3984 1066 4025 emendari.
1119 3983 1139 4032 c)
1154 3993 1268 4022 rcnrenere

106 4057 108 4060 <
150 4037 243 4075 cenem
255 4036 351 4084 mallem,
366 4040 429 4074 ratim
439 4046 568 4085 permanere
582 4047 593 4074 e
607 4036 622 4078 1,
633 4037 654 4076 l.
666 4036 688 4077 h.
699 4037 713 4078 l.
723 4037 836 4084 repetitum
846 4046 896 4078 esse.
938 4034 962 4085 d)
976 4037 1099 4083 emendavi,·
1113 4046 1266 4076 cremonamc.

105 4096 133 4133 40
151 4088 172 4140 e)
186 4099 211 4128 se
225 4090 302 4127 iterum
317 4090 368 4131 aad.
383 4101 401 4131 c.
456 4090 555 4136 octaba
569 4101 586 4131 c.
640 4091 664 4138 g)
677 4089 748 4137 suppl.
762 4089 842 4130 11.·Bi·.
854 4093 907 4137 posi
920 4087 1022 4140 Mediol.;
1038 4101 1081 4129 ona.
1095 4100 1113 4128 c.
1162 4090 1185 4136 b)
1200 4099 1268 4127 emen-

150 4143 215 4190 dam
233 4143 272 4190 qul
286 4154 317 4188 c.,·
336 4154 378 4183 om.
393 4143 473 4184 Ji-Br.

152 4285 180 4350 1)
197 4285 320 4336 Eundem
338 4285 407 4336 diem
425 4299 513 4336 omnes
530 4284 588 4347 fere
606 4285 683 4348 infru
702 4286 768 4335 dicii
784 4291 903 4336 nudiores
921 4285 1051 4348 referum.
1119 4287 1146 4351 2)
1166 4285 1267 4336 Scilicet

150 4355 368 4409 Mediolanenses.
398 4355 487 4410 Perta.
559 4357 586 4421 3)
607 4355 648 4418 Cf.
669 4356 711 4408 (Ν.
724 4354 833 4406 Arctio'
850 4355 931 4420 XVI,
946 4372 975 4422 p.
989 4358 1049 4409 260.
1122 4357 1149 4421 4)
1167 4355 1265 4406 Eadem

151 4426 229 4478 varia
248 4427 305 4478 cide
322 4442 408 4494 supra
424 4443 452 4493 p.
467 4428 510 4492 16,
530 4444 551 4484 v,
565 4428 608 4480 20.
