2962 4936
327 415 519 473 IOHANNIS
537 415 786 471 OODAGNELLI
804 414 985 471 ANNALES
1003 416 1039 473 A.
1054 420 1131 474 1218.
1252 421 1287 475 65

162 600 287 666 habito
311 621 333 665 a
354 600 569 685 sapientibus
592 600 746 664 eiusdem
770 599 921 664 civitatis
937 600 1110 677 conscilio,
1134 602 1226 683 quod
1243 601 1286 666 de
1306 608 1384 664 1218.

162 690 226 755 illo
242 689 384 754 minime
400 691 614 754 sacramento
631 688 849 763 tenebantur,
867 709 945 753 cum
961 688 1090 771 absque
1105 689 1286 754 voluntate

163 778 286 864 populi
302 781 339 843 et
353 778 427 842 iere
443 778 618 842 omnium²
636 777 805 841 nobilium
822 777 999 842 Placentie
1014 777 1104 840 illud
1120 778 1285 856 fecerant,

163 866 351 933 concordes
367 867 547 931 extruendi
563 865 735 930 carocium
752 886 830 930 cum
844 865 1034 930 Mediolani
1049 866 1185 950 legatis,
1202 861 1281 950 quib

129 958 201 1024 sin
223 959 344 1020 nostra
367 956 513 1019 aderant
537 955 703 1029 *civitate
728 955 836 1018 fuere.
1304 979 1333 1027 ef,
1344 981 1387 1024 890,

272 1044 339 1109 Die
362 1064 443 1109 vero
466 1043 590 1108 Martis
606 1043 729 1107 ἮΠ.ο
758 1042 838 1106 Kal.
863 1043 982 1119 Medii,
1013 1044 1050 1106 in
1076 1044 1168 1108 festo
1193 1044 1287 1109 beati
1305 1070 1405 1118 spi-,ia

164 1132 330 1216 Georgii¹
347 1152 568 1217 magnacum
584 1132 700 1196 letitia
715 1132 759 1195 ad
775 1132 941 1196 honorem
957 1136 993 1196 et
1009 1133 1286 1216 magnitudinem

163 1221 318 1286 civitatis
351 1221 530 1286 Placentie
566 1225 601 1285 et
636 1215 804 1284 sublimesl
837 1220 933 1284 urbis
967 1221 1158 1285 Mediolani
1191 1221 1286 1285 foras

164 1313 343 1375 extraxere
373 1310 562 1386 carocium3
599 1313 635 1374 et
665 1330 706 1373 ea
735 1309 790 1373 die
819 1308 1096 1374 Mediolanenses
1126 1310 1286 1374 similiter

120 1428 145 1468 ιο
163 1420 264 1462 suurn
294 1399 389 1463 foras
418 1399 540 1463 misere
571 1398 753 1474 carooium‚
784 1398 820 1460 in
850 1400 978 1462 terram
1003 1397 1153 1481 *quoque
1176 1399 1286 1461 inimi-

68 1482 144 1532 ’Μ-
163 1508 283 1552 corum
305 1490 504 1552 nostrorum
528 1487 645 1552 divina
667 1487 808 1551 favente
832 1487 946 1568 gratia
967 1487 1018 1551 ire
1042 1490 1284 1570 proponentes.

163 1576 230 1641 Die
263 1597 344 1641 vero
377 1576 550 1641 dominica
581 1576 746 1660 proxima,
779 1577 884 1640 tertio
908 1575 987 1639 Kal.
1011 1576 1122 1639 Medii
1152 1575 1285 1640 Cremo·
1304 1602 1401 1652 aare.

163 1685 288 1730 nenses
311 1667 348 1730 et
362 1665 550 1748 Papienses
574 1664 734 1728 similiter
756 1664 849 1727 foras
869 1685 931 1727 sua
947 1667 1123 1728 extraxere
1140 1665 1284 1728 carocia.

163 1753 231 1819 Die
254 1773 336 1819 vero
350 1753 495 1819 Veneris
519 1753 630 1836 primo
660 1754 787 1817 mensis
811 1753 924 1816 Iuniie
948 1752 1225 1818 Mediolanenses
1250 1758 1285 1818 et
1304 1781 1353 1824 ni.
1365 1783 1383 1823 1.

119 1871 145 1910 rs
164 1842 320 1907 eiusdem
349 1842 501 1907 civitatis
531 1842 703 1907 carosium
727 1841 860 1904 Padum
890 1842 1104 1906 transierunt
1135 1845 1171 1906 et
1193 1843 1286 1906 inter

163 1924 437 1996 Pontenuriumr
464 1935 500 1995 et
523 1930 773 1994 Fontanami·2
796 1934 832 1994 et
860 1931 899 1993 in
927 1930 998 1994 illis
1026 1931 1184 2014 partibus
1207 1952 1285 1996 oum

163 2020 343 2085 Placentia
373 2020 508 2085 carocio
538 2019 769 2103 albergavere.
822 2019 889 2082 Die
920 2019 1057 2084 sabbati
1084 2020 1134 2082 ΙΙ.
1158 2021 1285 2084 mensis
1304 2047 1354 2088 rui.
1366 2047 1385 2089 2.

163 2108 260 2173 Iunii
292 2108 490 2173 Placentini
525 2111 560 2173 et
593 2108 870 2172 Mediolanenses
904 2108 941 2171 in
976 2108 1143 2172 Salmuris
1178 2113 1214 2173 et
1247 2110 1284 2173 in

163 2197 270 2262 Prato
282 2198 326 2262 de
336 2197 433 2281 Rege
445 2197 707 2268 castramentati
718 2197 827 2261 fuere.
858 2197 958 2261 Diem
974 2217 1109 2280 quoque
1125 2199 1284 2261 sanctum
1303 2226 1352 2267 rusi,
1362 2228 1382 2264 a.

117 2316 145 2355 so
163 2288 383 2371 pentecostes
411 2285 542 2351 ibidem
572 2285 844 2350 celebraverunt.
895 2285 961 2349 Die
990 2306 1071 2350 vero
1099 2285 1223 2348 Martis
1241 2287 1282 2349 V.
1303 2315 1385 2357 ruis.

164 2375 319 2440 eiusdem
342 2375 470 2439 mensis
493 2374 588 2437 Iunii
611 2377 724 2438 castra
747 2378 929 2438 moverunt
952 2377 988 2439 et
1010 2375 1108 2437 iuxta
1132 2377 1282 2437 castrum

164 2464 207 2529 de
231 2463 360 2528 Sancta
383 2461 493 2527 Oruce
523 2483 586 2527 sua
616 2465 719 2527 fixere
749 2463 910 2527 tentoria.
957 2462 1079 2527 Altera
1108 2463 1163 2527 die
1193 2463 1282 2526 illud
1302 2493 1382 2535 runs.

164 2554 316 2617 castrum
339 2573 418 2617 cum
442 2552 651 2636 domignono
673 2552 826 2634 undique
854 2554 990 2615 murato
1020 2556 1056 2615 et
1085 2572 1162 2615 oum
1186 2554 1283 2616 turre

163 2660 290 2724 magna
319 2644 356 2705 et
378 2640 497 2705 villam
521 2640 672 2705 Lardule
703 2641 947 2705 destruxerunt
977 2643 1013 2704 et
1042 2640 1224 2705 diruerunt
1247 2644 1282 2704 et

117 2754 145 2794 rs
163 2730 412 2807 conbuserunt,
448 2731 582 2813 segetes
617 2733 652 2793 et
685 2729 802 2794 vineas
838 2731 874 2794 et
908 2728 1046 2793 arbores
1081 2729 1283 2813 depopulati

162 2819 319 2883 luerunt.
357 2817 520 2883 Predicta
544 2818 599 2883 die
620 2816 866 2883 Cremonenses
889 2839 968 2882 cum
992 2820 1125 2882 carocio
1149 2821 1185 2883 et
1203 2819 1282 2881 Par-

162 2927 298 2972 menses
321 2928 400 2972 cum
424 2907 557 2971 carooio
581 2910 617 2970 et
641 2928 719 2971 oum
737 2907 993 2970 Mutinensibus
1017 2911 1052 2970 et
1067 2907 1282 2990 Regensibus

163 2999 200 3061 et
222 2995 302 3059 aliis
324 3016 442 3060 eorum
465 2995 594 3071 amicis,
618 2996 678 3078 qui
700 3015 818 3059 omnes
839 2988 1016 3078 Burgumh
1038 2997 1190 3072 aderant,
1216 3016 1282 3059 cre·

164 3085 287 3150 dentes
310 3105 373 3148 nos
396 3084 551 3167 Burgum
574 3084 624 3148 ire
649 3083 804 3161 debere3,
828 3084 925 3147 iuxta
948 3083 1063 3148 locum
1087 3085 1129 3149 de
1147 3083 1282 3168 Caspia-

117 3199 146 3238 so
162 3166 264 3238 neto¹
294 3172 571 3256 albergaverunt.
617 3173 740 3237 Altera
763 3173 829 3249 die,
854 3172 986 3237 scilicet
1010 3173 1066 3238 die
1090 3172 1183 3236 Iovis
1199 3173 1280 3235 VII.
1301 3197 1378 3238 ntur.

163 3261 290 3326 mensis
312 3261 417 3339 Iunii,
442 3260 717 3326 Mediolanenses
741 3282 818 3325 cum
844 3261 991 3325 *carocio
1021 3264 1057 3325 et
1087 3283 1164 3325 cum
1188 3261 1282 3326 omni
1299 3284 1385 3332 ‘aare

161 3353 267 3434 gente
297 3371 425 3428 eorum,
457 3350 652 3415 Placentini
681 3371 816 3433 quoque
852 3371 929 3414 oum
964 3350 1098 3414 carocio
1133 3354 1168 3412 et
1203 3370 1280 3412 cum

162 3580 185 3626 a)
202 3576 312 3627 mpetum
325 3587 367 3619 om.
380 3588 396 3619 c.
450 3575 475 3626 b)
493 3578 582 3625 mque)
595 3588 612 3619 e.
667 3579 688 3624 c)
706 3578 785 3619 entend.
799 3575 894 3624 H.-Br.,·
908 3577 993 3618 1111.c.
1047 3573 1071 3627 d)
1088 3577 1117 3623 ef.
1131 3587 1200 3624 supra
1210 3577 1280 3624 ubi,

162 3630 178 3674 l.
187 3630 222 3670 81.
278 3629 592 3678 e)emem.11.·13r.;iuliic‚
644 3627 663 3679 f)
677 3629 775 3679 ponem
789 3629 982 3669 Pontem-mirum
996 3629 1058 3672 Gale.
1072 3630 1182 3679 Flamma,
1197 3630 1280 3679 Manip.

117 3687 144 3728 δῦ
162 3683 237 3729 affl.
289 3681 449 3734 marcoueva
463 3681 543 3726 ionic.
595 3681 618 3733 h)
632 3684 663 3721 sio
677 3694 694 3726 c.
748 3682 765 3733 i)
779 3677 897 3732 ciplaneto
911 3695 929 3723 c.

164 3896 191 3962 1)
206 3895 317 3947 Festum
336 3896 447 3961 Georgii
462 3897 493 3946 in
510 3893 602 3945 multis
620 3895 731 3946 emiesiis
749 3895 848 3947 Italiae
865 3911 920 3946 non
937 3896 1007 3961 Apr.
1020 3898 1064 3960 23,
1089 3901 1120 3946 nt
1137 3898 1168 3947 in
1183 3898 1281 3964 pleris-

162 3982 212 4034 que
228 3967 349 4032 ecclesiia
368 3966 414 4017 sed
430 3966 500 4031 Apr.
512 3967 556 4020 24.
575 3965 769 4030 celebrabatur;
788 3966 823 4029 ef.
842 3966 956 4017 Kalend.
973 3965 1102 4031 Gramen,
1119 3967 1280 4031 Zacharias,

163 4037 284 4091 Orsinen.
302 4039 380 4103 episc.
398 4038 480 4089 series
501 4054 529 4104 p,
542 4037 610 4102 2663
636 4037 704 4087 Acta
729 4036 776 4089 SS.
796 4036 865 4102 Apr.
884 4037 940 4102 ΙΙΙ,
958 4055 986 4102 p.
998 4038 1059 4092 260.
1149 4039 1177 4103 2)
1205 4038 1282 4089 Recte

162 4110 228 4176 quin
245 4109 399 4175 scripserim
416 4107 495 4159 umba
518 4109 548 4157 in
566 4107 649 4158 codice
666 4107 793 4172 breviata,
818 4122 893 4158 nenio
911 4107 1048 4174 dubitabit,
1075 4123 1133 4159 cuin
1151 4108 1280 4159 Mediola-

118 4194 145 4235 40
162 4194 254 4232 names
272 4184 295 4230 st
306 4178 456 4230 Placentini
473 4183 504 4232 sb
517 4178 615 4229 horum
633 4179 736 4229 ciuitate
748 4193 801 4245 per
811 4180 883 4228 riom
895 4180 1040 4230 Aemilium
1051 4194 1142 4231 uersus
1153 4178 1280 4244 Burgum

162 4249 190 4304 S.
202 4250 336 4302 Domnini
349 4250 466 4318 profecti
481 4251 544 4303 sint.
622 4251 650 4315 3)
673 4248 747 4310 Quot
760 4249 859 4314 mucul
873 4249 952 4301 dubio
970 4250 1059 4313 fucere
1071 4257 1279 4317 proposuerant,

162 4326 193 4373 ui
207 4320 282 4375 Oont.
295 4320 406 4373 Siuardi
421 4321 515 4387 trudit,
534 4319 579 4371 sed
596 4319 798 4385 impedientibus
810 4319 1026 4372 Cremonensibus
1044 4321 1171 4386 sociisque
1188 4336 1280 4371 eorum

160 4393 363 4463 septentrionem
380 4406 472 4444 uersus
490 4407 507 4441 a
525 4392 570 4442 uia
586 4391 706 4442 Aemilia
723 4390 899 4444 declinarunt.

214 4495 373 4548 codugnellusz
1031 4499 1049 4551 5
