2962 4936
220 389 255 442 26
331 385 521 440 IOHANNIS
540 384 787 440 GODAGNELLI
806 385 988 440 ANNALns
1007 386 1041 442 A.
1057 390 1135 444 1199.
1155 392 1233 445 1200.

124 577 201 630 1199.
221 591 339 635 eorum
369 569 497 633 amicis.
544 569 587 631 In
617 569 745 633 auxilio
776 569 943 652 quorum1
972 570 1116 635 fuerunt
1139 572 1348 636 Parmenses

221 663 257 723 et
280 660 526 742 Pergamenses
557 663 593 722 et
623 679 740 722 omnes
771 658 832 721 alii
863 679 980 722 eorum
1011 660 1123 723 amici.
1170 661 1237 724 Die
1260 682 1348 726 vero

114 771 200 812 aare.
221 749 367 823 sabbati,
392 746 488 811 XVI.
513 747 568 810 die
593 747 745 811 eiusdem
769 749 895 812 mensis
910 748 1186 814 Mediolanenses
1209 753 1247 814 et
1267 750 1348 814 Pla·

222 837 352 901 centini
376 838 411 900 et
434 836 632 900 Laudenses
656 840 692 900 et
716 835 902 900 Oumenses
930 841 966 900 et
989 838 1117 902 milites
1142 839 1259 903 Brixis
1284 840 1349 922 qui

221 925 270 989 ibi
293 926 437 989 aderant
462 925 551 988 circa
574 925 663 988 illud
687 927 837 989 castrum
862 929 898 989 et
920 927 1088 989 fossatum
1112 929 1385 992 consederunts

222 1017 257 1078 et
280 1014 439 1078 fecerunt
461 1014 511 1077 ibi
534 1034 723 1096 manganes
747 1017 782 1078 et
801 1015 976 1097 predarias
994 1015 1132 1091 driaare‚
1157 1019 1283 1100 pontes
1302 1019 1348 1082 de

221 1104 338 1186 gradis
360 1103 410 1166 ibi
433 1103 508 1166 fieri
537 1103 706 1179 fecerunt,
743 1123 827 1185 quos
857 1102 1031 1168 debebant
1062 1105 1215 1188 proicere
1239 1127 1349 1190 super

221 1192 406 1267 fossatum3
432 1192 618 1256 credebant
642 1193 733 1256 enim
750 1194 785 1256 et
804 1193 990 1274 sperabant
1006 1213 1109 1275 super
1123 1194 1202 1257 illos
1218 1199 1348 1277 pontes

222 1302 283 1365 per
310 1281 380 1344 vim
409 1281 504 1344 intus
532 1281 622 1343 illud
651 1281 821 1344 fossatum
852 1301 950 1364 posse
982 1282 1124 1346 intrare.
1172 1283 1237 1348 Die
1262 1305 1347 1349 vero

223 1370 394 1434 dominico
421 1370 576 1454 proximo
599 1369 875 1433 Mediolanenses
906 1369 948 1433 ab
979 1391 1049 1434 uno
1081 1372 1193 1455 capite
1224 1393 1347 1437 versus
1368 1393 1394 1432 ro

223 1462 371 1523 castrum
397 1461 668 1543 preparaverunt
691 1479 727 1522 se
751 1460 794 1520 ad
815 1458 945 1522 bellum
962 1462 997 1523 et
1014 1481 1176 1543 magnum
1193 1461 1345 1545 prelium

223 1569 301 1612 curn
325 1547 613 1611 Cremonensibus
636 1548 811 1623 fecerunt;
844 1550 880 1611 et
911 1548 1049 1612 duravit
1081 1548 1169 1612 illud
1193 1550 1348 1633 prelium

223 1637 265 1700 ab
304 1637 389 1700 hora
426 1637 532 1700 tertia
561 1637 635 1699 fere
665 1655 774 1718 usque
806 1637 850 1699 ad
880 1657 1054 1721 vesperas;
1092 1643 1127 1702 et
1156 1638 1235 1702 illos
1266 1638 1347 1704 Ore·

223 1745 402 1789 monenses
426 1745 528 1807 super
552 1724 696 1788 eariolas
720 1728 755 1788 et
773 1725 986 1789 bertreschas
1009 1727 1047 1788 in
1070 1727 1146 1811 ripa
1167 1728 1292 1791 fossati
1308 1732 1348 1792 et

222 1815 317 1877 intus
341 1816 473 1877 stantes
498 1834 575 1876 cum
600 1813 717 1896 pilotis
742 1818 777 1876 et
801 1814 984 1896 lapidibus,
1009 1817 1189 1898 manganis
1213 1819 1249 1879 et
1271 1839 1347 1900 pre·
1367 1836 1394 1874 ιε»

224 1903 328 1966 dariis
344 1902 613 1966 vulneraverunt
637 1905 672 1965 et
695 1902 937 1985 lapidaverunt
956 1908 992 1968 et
1010 1908 1345 1984 manganaverunt2;

118 2014 148 2058 ¹.
186 2021 204 2056 ι.
224 1995 259 2055 et
282 1991 393 2074 prima
415 1991 498 2068 vice,
524 2012 591 2073 qua
610 1992 768 2074 predaria
784 1992 1065 2056 Placentinorum
1085 1992 1215 2068 *traxit
1239 1994 1347 2058 inter-

223 2081 309 2144 fecit
332 2081 503 2162 quendam
532 2080 678 2143 militem
701 2080 832 2144 Parme.
872 2081 1039 2145 Videntes
1063 2082 1154 2146 enim
1177 2083 1347 2147 Mediola-

223 2189 345 2233 nenses
376 2172 411 2233 et
434 2169 629 2233 Placentini
659 2170 752 2251 quod
781 2170 983 2254 inceperant
1006 2171 1050 2233 ad
1074 2173 1177 2235 finem
1201 2175 1347 2254 propter

224 2259 476 2343 gravitudinem
514 2260 678 2342 temporis
713 2262 749 2322 et
784 2280 871 2341 aque
906 2261 1093 2343 perducere
1128 2281 1198 2323 non
1256 2281 1344 2338 osse,
1366 2280 1394 2318 20

225 2348 365 2412 colectis
389 2348 548 2412 omnibus
571 2348 728 2431 gratibus
752 2352 788 2411 et
811 2348 974 2431 pontibus
999 2352 1034 2411 et
1053 2349 1219 2432 predariis
1232 2283 1286 2432 let
1301 2351 1345 2414 iis

118 2461 162 2502 oa.
173 2462 205 2503 rs.
223 2432 316 2519 quiri
335 2430 398 2499 abb
418 2437 493 2520 ipso
509 2437 619 2520 prelio
633 2437 806 2500 vulnerati
824 2438 977 2514 fuerunt,
1003 2438 1058 2501 die
1075 2438 1171 2501 Lune
1187 2438 1345 2521 proximo

224 2546 341 2589 omnes
365 2529 447 2588 sunt
469 2527 596 2589 reversi
620 2525 759 2589 domum
769 2525 790 2586 3.

118 2639 206 2680 caso.
330 2613 629 2688 MOLXXXXIX,
660 2614 850 2678 indictione
880 2614 949 2690 ΙΙΙ,
986 2615 1041 2678 die
1072 2616 1208 2680 sabbati
1236 2619 1344 2681 tertio

165 2733 167 2736 v
225 2705 306 2766 ante
337 2702 416 2765 Kal.
447 2702 651 2766 Novembris
686 2705 836 2765 castrum
866 2703 1008 2766 Pontuli
1042 2705 1112 2767 fuit
1147 2710 1287 2787 captum
1325 2729 1345 2770 a
1365 2726 1394 2764 ss

224 2790 447 2866 Placentinis,
470 2790 657 2855 tenebatur
681 2791 772 2853 enim
796 2813 817 2854 a
840 2792 1091 2857 Parmensibus.
1222 2828 1223 2831 ¹

119 2863 204 2969 yffi·
331 2878 651 2954 MOLXXXXIX4,
684 2881 873 2944 indictione
903 2882 972 2958 ΠΙ,
1005 2883 1060 2945 die
1091 2882 1183 2946 Iovis
1218 2887 1344 2964 quarto

199 2961 351 3031 'mensis
374 2969 484 3031 Madii
507 2969 781 3033 Mediolanenses
812 2990 889 3032 cum
921 2972 1054 3034 carocio
1088 2975 1223 3036 etcum
1248 2975 1345 3036 omni

224 3057 354 3121 virtute
385 3078 502 3121 eorum
533 3059 671 3121 iverunt
701 3059 745 3121 ad
774 3062 904 3123 turrem
936 3061 978 3123 de
1002 3059 1134 3142 Besago
1159 3063 1194 3123 et
1218 3064 1344 3125 castra·

225 3147 372 3210 mentati
394 3147 539 3210 fuerunt
563 3149 653 3211 circa
675 3147 785 3231 ipsam
809 3150 940 3212 turrem
959 3150 1032 3212 sine
1049 3150 1208 3213 omnibus
1224 3170 1344 3213 eorum
1364 3173 1392 3210 ιο

226 3236 353 3312 amicis,
390 3239 425 3300 et
460 3256 535 3299 eam
570 3236 790 3300 obsiderunt⁰
826 3241 862 3300 et
891 3240 1188 3318 manganaverunt
1222 3242 1345 3302 contra

108 3349 205 3391 aalma,
225 3325 350 3389 malam
385 3326 601 3390 voluntatem
631 3325 868 3407 Papiensium;
906 3326 960 3390 die
991 3326 1153 3389 Mercurii
1187 3327 1344 3409 proximo

95 3413 96 3416 ’
225 3409 453 3498 sequentisd·5
468 3415 576 3497 ipsam
592 3416 722 3478 turrem
736 3435 861 3497 magna
872 3414 906 3477 vi
919 3418 1085 3498 ceperunt
1097 3418 1132 3478 et
1145 3415 1345 3479 habuerunt

223 3504 260 3566 in
284 3525 325 3568 ea
346 3507 442 3567 turre
467 3506 607 3567 centum
637 3504 792 3568 homines
815 3503 922 3587 Papie
950 3503 1036 3567 bene
1067 3506 1226 3581 armatos,
1257 3524 1344 3586 quos

225 3675 247 3726 a)
260 3677 456 3718 annotantem.
485 3674 509 3721 bl
522 3676 551 3715 ab
565 3676 685 3723 delendum,
699 3677 732 3714 aei
746 3676 770 3714 in
778 3676 929 3724 corripendum
939 3677 1029 3718 videtur.
1070 3678 1090 3723 c)
1104 3677 1161 3718 alec.
1204 3674 1227 3723 d)
1240 3679 1345 3726 sequenti
1365 3677 1392 3717 85

225 3731 381 3768 manandum
395 3740 439 3768 esse
452 3729 543 3778 aldani,
558 3730 595 3767 sed
609 3729 636 3776 cf,
646 3740 670 3777 p.
679 3730 713 3778 47,
728 3730 743 3770 l.
753 3729 786 3770 20.

227 3873 252 3937 1)
275 3871 497 3924 Cremonensium.
580 3873 608 3937 2)
628 3871 837 3923 Mediolanenses
854 3878 877 3923 et
894 3874 960 3924 socii
976 3888 1073 3924 enam.
1162 3873 1189 3939 3)
1207 3872 1249 3936 Cf.
1269 3874 1343 3928 Ana.

224 3943 332 3997 Medici.
359 3944 473 3994 minores
497 3960 523 4009 p.
536 3945 602 4007 3973
631 3943 702 3994 Ann.
730 3942 865 4008 Cremon.;
892 3943 1000 3994 Sicardi
1022 3943 1116 4008 Cron.;
1143 3960 1209 4009 qnae
1235 3944 1293 3997 Iole.
1313 3947 1345 3997 de

225 4014 326 4066 Mussi's
344 4014 388 4066 col.
402 4015 463 4068 457.
482 4013 575 4064 habet:
593 4011 676 4064 Anno
695 4010 796 4064 Christi
809 4011 965 4067 MOXOIX.
980 4012 1135 4066 Placentini
1154 4030 1217 4066 cum
1235 4012 1344 4068 Medio-

224 4084 380 4138 lanensibus
405 4086 434 4136 et
451 4083 640 4136 Laudensibus
664 4100 727 4136 cum
752 4083 881 4137 carrociis
899 4101 994 4137 eorum
1017 4084 1127 4137 iverunt
1152 4083 1186 4136 ad
1205 4082 1344 4138 Castrum·
1365 4105 1394 4143 to

225 4172 326 4208 novum
339 4155 409 4207 buce
418 4154 501 4207 Adue
514 4158 542 4206 et
553 4154 638 4206 nichil
650 4154 776 4208 fecerunt
787 4163 854 4207 certe
865 4172 919 4207 non
931 4173 964 4208 ea
977 4156 1023 4207 boc
1036 4157 1090 4208 loco
1102 4159 1239 4222 eacerpsit,
1253 4158 1300 4207 sed
1311 4173 1345 4210 ea

225 4227 369 4278 annalibus
385 4226 548 4278 Placentinis
566 4227 710 4294 deperditis
727 4228 876 4292 exscripsit.
930 4228 958 4292 4)
975 4224 1059 4281 Mac.
1080 4228 1272 4279 emendandam
1291 4244 1345 4280 esse

226 4304 339 4364 apparet
363 4300 418 4349 iam
442 4313 476 4349 ea
501 4297 643 4350 indictione
661 4298 716 4350 ΙΙΙ.
807 4298 834 4364 5)
858 4297 980 4350 Eundem
1003 4300 1071 4350 diem
1096 4299 1192 4350 liabent
1211 4298 1297 4350 Notae
1315 4301 1344 4352 S.

227 4370 338 4434 Georpii
353 4369 460 4422 Mediol.
475 4386 505 4436 p.
518 4371 579 4424 387.
