2962 4936
300 447 490 503 IOHANNIS
509 447 755 503 OODAGNELLI
775 449 954 504 ANNALES
973 451 1009 510 A.
1024 455 1101 508 1217.
1234 455 1269 508 63

149 635 270 697 horam
293 631 434 697 tertiam
463 634 535 695 tam
567 632 699 714 pedites
730 653 832 714 quam
857 632 985 698 milites
1009 654 1126 698 omnes
1150 636 1192 699 de
1216 642 1365 699 err-1217.

149 722 262 786 ercitu
285 720 410 785 armati
435 720 564 803 pariter
587 723 623 784 et
646 719 806 784 asclerati
829 742 947 786 versus
964 723 1196 787 Zovenoldum
1220 745 1267 788 re·

149 811 294 886 dientes,
318 808 565 873 Cremonenses
595 815 630 873 et
653 809 838 892 Papienses
868 811 918 874 ibi
947 813 1179 894 expectantes,
1211 812 1268 876 ali-

148 919 251 982 quem
274 919 392 963 eorum
416 897 556 961 minime
580 898 746 974 videntes,
779 919 909 962 moram
938 920 1046 982 usque
1075 902 1119 964 ad
1143 922 1267 965 nonam

115 988 327 1064 efacientes,
359 1007 436 1050 eum
467 987 561 1050 omni
592 987 744 1050 exercitu
767 987 848 1051 inde
871 989 1053 1064 redientes,
1082 991 1269 1073 temptoria

148 1077 246 1140 iuxta
269 1075 459 1139 Suncinum
484 1075 544 1159 figi
567 1078 805 1158 preceperunt.
854 1077 919 1140 Die
943 1098 1023 1142 vero
1047 1078 1211 1142 Mercurii
1227 1079 1267 1141 V.
1287 1102 1330 1144 ruz.
1339 1102 1360 1142 1.

147 1165 275 1230 mensis
293 1163 378 1227 Iulii
396 1163 523 1247 burgos
547 1164 633 1227 duos
657 1184 799 1246 magnos
823 1165 913 1229 circa
936 1170 1088 1229 castrum
1104 1167 1264 1231 Soncinia

148 1253 288 1337 positos,
314 1254 433 1317 domos
457 1255 493 1316 et
516 1253 705 1316 caminatas
731 1273 871 1336 magnas
895 1258 930 1318 et
954 1259 1116 1328 muratas,
1142 1256 1268 1321 molen·

148 1343 231 1406 dina
261 1362 396 1425 quoque
425 1362 551 1424 magna
586 1345 621 1405 et
657 1347 802 1418 murata,
839 1343 976 1407 arbores
1011 1346 1047 1407 et
1081 1345 1198 1408 vineas
1233 1351 1268 1409 et

106 1458 131 1498 ιο
148 1430 235 1495 alias
257 1451 311 1495 res
334 1451 401 1513 que
425 1429 540 1494 *erant
563 1431 654 1493 circa
672 1425 879 1494 Soncinumb
900 1432 1049 1514 positas⁰
1070 1433 1268 1496 inciderunt
1288 1457 1373 1504 *naen

148 1522 184 1585 et
218 1520 465 1584 destruxerunt
499 1521 534 1582 et
569 1519 648 1601 igne
684 1524 931 1584 cremaverunt.
978 1521 1043 1585 Die
1071 1542 1150 1585 vero
1175 1522 1267 1586 Iovis
1286 1547 1361 1590 nie.

147 1608 313 1691 proxima,
345 1608 466 1671 castris
496 1608 625 1671 ibidem
656 1609 880 1682 morantibus,
912 1609 1032 1672 villam
1062 1610 1201 1673 Plorani
1232 1615 1267 1675 et

149 1695 324 1773 Gerivani,
349 1696 488 1760 arbores
512 1699 547 1760 et
569 1697 695 1771 vineas,
721 1693 917 1779 leguminad
937 1699 1048 1761 multa
1064 1699 1268 1782 depopulari

147 1786 317 1863 fecerunt,
353 1785 510 1849 inimicos
541 1785 646 1849 etiam
679 1805 796 1850 eorum
828 1785 1073 1852 Cremonenses
1108 1788 1267 1853 similiter

103 1901 130 1942 n
148 1877 370 1960 expectantes
381 1874 402 1935 1.

255 1963 321 2027 Die
345 1983 425 2027 vero
441 1962 584 2027 Veneris
600 1963 681 2025 VII.
702 1964 828 2027 mensis
846 1964 931 2026 Iulii
955 1968 1068 2029 castra
1090 1971 1266 2030 moventes
1286 1991 1328 2033 m.
1338 1992 1358 2030 1.

147 2073 255 2137 prope
272 2051 561 2117 (mrtem-novam
585 2051 621 2114 in
644 2051 729 2114 villa
752 2052 794 2117 de
819 2052 910 2116 Oovo
935 2054 997 2117 dee
1020 2053 1166 2118 Corveto
1191 2056 1266 2119 loco

147 2133 452 2207 Cremonensiumf
472 2141 732 2205 castramentati
755 2141 863 2217 fuere,
889 2163 929 2205 ea
952 2163 1017 2225 que
1036 2143 1086 2206 ibi
1104 2144 1266 2207 invenere

148 2230 367 2295 destruentes
383 2233 418 2293 et
431 2229 670 2294 conburentes.
701 2230 823 2295 Altera
836 2231 890 2294 die
903 2231 1099 2294 Placentini
1110 2232 1265 2295 Laudem
1285 2258 1327 2299 nn.
1337 2257 1357 2300 e.

102 2346 131 2387 so
147 2321 327 2395 venerunt,
363 2318 408 2382 ed
437 2318 615 2382 Placentie
646 2319 820 2382 civitatem
852 2319 1013 2383 accedere
1048 2320 1263 2391 festinantes,

147 2408 328 2473 audientes
359 2410 394 2472 et
424 2406 670 2488 intelligentes,
702 2409 793 2489 quod
818 2407 1062 2472 Cremonenses
1086 2429 1162 2472 cum
1187 2409 1265 2471 Par·

148 2496 323 2562 mensibus
345 2497 382 2558 in
405 2499 531 2560 terram
549 2495 725 2560 Placentie
742 2497 871 2560 intrare
887 2501 1149 2580 proposuerant;
1173 2498 1286 2579 quod·

146 2586 262 2650 facere
285 2585 361 2649 ausi
384 2585 524 2648 minime
547 2585 654 2659 fuere,
685 2585 848 2649 timentes
879 2587 920 2649 de
937 2588 1104 2649 ,adventu
1127 2587 1265 2650 Placen-

146 2675 300 2739 tinorum
323 2678 359 2739 et
381 2673 691 2738 Mediolanensium
722 2674 939 2737 inimicorum
963 2696 1090 2739 eorum.
1137 2676 1180 2737 In
1204 2674 1266 2738 illa

102 2787 130 2828 ss
148 2766 267 2828 autem
290 2762 507 2846 expeditione
532 2762 704 2844 quoddam
732 2763 802 2826 fuit
830 2764 1035 2847 prodigium,
1067 2766 1159 2846 quod
1183 2765 1265 2828 obli-

147 2851 242 2916 vioni
258 2872 328 2915 non
344 2854 397 2915 est
412 2852 629 2926 tradendum,
648 2852 707 2914 sed
724 2851 839 2934 potius
856 2853 1018 2917 memorie
1034 2854 1264 2927 retinendum,

146 2940 310 3005 videlicet
333 2941 425 3023 quod
454 2939 570 3022 aliqua
600 2960 726 3012 musca,
757 2944 926 3003 ravanus&
950 2945 1053 3023 atque
1077 2942 1206 3005 zinzala
1229 2942 1265 3004 in

147 3029 210 3094 illo
233 3021 324 3092 fuitll
351 3049 414 3092 nec
439 3029 600 3111 apparuit
624 3029 787 3092 exercitu.

254 3110 486 3181 ΜΟΟΧἮΙ.1
509 3117 614 3179 XIII.
636 3117 714 3179 Kal.
735 3117 896 3181 Octubris
919 3119 1115 3182 Placentini
1138 3119 1265 3183 milites
1285 3143 1339 3190 sm.
1349 3142 1382 3184 1e.

101 3232 130 3273 so
148 3227 228 3271 cum
251 3206 439 3289 sagittariis
463 3226 581 3270 eorum
605 3209 640 3270 et
665 3227 742 3270 cum
766 3206 861 3270 mille
886 3207 1055 3270 militibus
1076 3208 1266 3271 Mediolani

147 3452 169 3498 a)
183 3451 309 3502 emmenum
321 3451 405 3490 scntlni
419 3462 448 3498 c.,·
462 3447 507 3488 due
520 3450 628 3489 suburbia
637 3450 727 3490 Souzini
737 3461 762 3489 ac
774 3447 900 3488 molendina
914 3449 1073 3489 destruxerunt
1082 3449 1144 3492 Gale.
1154 3451 1263 3498 Flamma,

147 3503 233 3553 Mansp.
247 3515 265 3547 c,
274 3504 320 3546 150,
379 3504 402 3552 b)
416 3504 527 3543 sentinum
541 3515 558 3546 c.
620 3506 639 3552 c)
653 3505 684 3541 cic
697 3515 715 3546 c,
769 3503 791 3552 d)
805 3504 929 3550 emendam·
942 3503 1069 3551 legnamlna
1082 3513 1099 3543 c.
1163 3505 1184 3551 e)
1199 3507 1222 3542 et
1236 3501 1264 3542 de

147 3556 213 3597 Oorv.
235 3557 420 3600 emfflmma,
487 3557 644 3608 nemendam';
664 3567 819 3596 cremonenses
834 3567 851 3598 e.
918 3555 941 3606 g)
959 3557 1076 3605 emendavi,
1093 3567 1140 3594 cum
1151 3557 1264 3604 raphanus

146 3610 211 3657 (naz.
224 3621 317 3660 ravano,
331 3611 425 3661 rafano)
439 3611 478 3650 hoc
491 3611 537 3650 loce
551 3610 594 3647 dici
608 3621 651 3648 non
661 3611 771 3659 potuerim
785 3621 882 3649 rauanus
897 3622 914 3652 o,
955 3611 978 3659 h)
992 3612 1072 3648 denec
1087 3613 1136 3648 ante
1149 3610 1192 3648 fuit
1206 3620 1265 3649 mere

102 3666 130 3709 85
147 3664 316 3713 cmmnazmm
331 3665 410 3703 omisso
424 3664 472 3702 vide
486 3664 524 3702 ‘M
535 3661 624 3702 Aronsv'
638 3664 701 3713 XVI,
715 3675 737 3712 p.
746 3664 793 3712 332,
808 3675 829 3706 n.
839 3664 872 3706 10.
925 3663 942 3714 l)
956 3663 1074 3705 Mccxvl.
1088 3674 1104 3705 e.

149 3860 176 3929 1)
195 3860 222 3911 A
239 3875 338 3925 rnnpno
362 3860 479 3911 exercita
506 3857 728 3924 Cremonensium,
749 3860 944 3923 Parmensium,
963 3861 1167 3924 Mutinensinm,
1186 3861 1265 3926 Reni-

146 3945 246 3982 nornm
264 3931 390 3997 fucatum
408 3945 461 3982 esse
478 3929 716 3982 Mediolanmsinm
734 3933 914 3997 sociorumque
931 3933 1076 3982 exerc-imm
1098 3933 1169 3983 inter
1185 3932 1266 3983 Zone-

146 4001 258 4053 noldnm
286 4007 310 4053 et
333 4001 492 4054 Aeanellnm
521 4015 575 4051 non
611 4001 686 4052 nando
712 4002 784 4055 Ann.
812 4002 931 4056 Gramen.
957 4003 1083 4065 tradant,
1108 4003 1153 4054 secl
1186 4004 1265 4052 etiam

147 4072 293 4124 ammaim
318 4073 335 4126 l.
355 4073 372 4127 l.
391 4072 427 4124 nd
451 4074 568 4129 a.1217,
588 4074 725 4122 etiterum
751 4073 824 4135 falso
848 4074 885 4122 ad
910 4089 934 4126 a.
957 4075 1032 4126 1216.
1052 4074 1166 4138 mnodum
1191 4072 1265 4123 modo

101 4157 131 4197 40
147 4143 303 4207 confirmat·
317 4149 341 4196 at
352 4144 426 4197 Ann.
440 4143 546 4196 Medici.
559 4145 624 4196 min.
633 4159 663 4208 p.
674 4146 733 4197 398.
748 4145 861 4194 trocleam
878 4141 930 4194 fuit
942 4143 1047 4195 bellum
1060 4142 1094 4194 de
1106 4142 1264 4207 Zovenolta,

147 4230 216 4280 qnae
232 4215 311 4266 certa
328 4215 485 4282 compluries
504 4214 627 4279 leqnntnr
645 4217 675 4264 in
694 4215 737 4265 his
753 4214 905 4277 annalibus,
924 4215 972 4265 nbi
982 4215 1013 4265 de
1024 4215 1125 4280 proelio
1137 4215 1265 4277 refertur,

147 4300 200 4351 quc
225 4284 434 4339 Mediolanenses
460 4285 604 4347 inferiores
632 4285 805 4337 discesserint.
841 4285 914 4347 Quod
937 4286 1071 4351 proelium
1094 4286 1180 4350 paulo
1206 4289 1265 4352 post

147 4356 202 4410 Iul.
219 4357 245 4411 6.
261 4359 430 4409 commissum
453 4373 505 4407 esee
530 4357 642 4421 ridetur,
669 4357 783 4419 foedasse
805 4361 947 4423 postquam
964 4356 1116 4407 Placentini
1139 4357 1195 4405 iam
1220 4355 1266 4405 ab·

145 4430 245 4481 mmm.
