2962 4936
311 434 502 490 IOHANNIS
520 434 766 490 CODAGNELLI
785 434 964 489 ANNALas
984 436 1019 492 A.
1034 438 1110 492 1212.
1234 440 1268 493 41

150 639 231 702 rege
261 619 421 683 exierunt
450 619 636 693 civitatem,
668 639 730 702 per
759 621 869 682 totam
901 619 1097 702 equitantes
1121 625 1268 685 noctem.
1288 625 1366 680 1212.

151 707 397 772 Cremonenses
426 727 507 772 vero
542 728 583 771 ea
618 707 673 771 die
705 710 740 771 et
772 707 857 771 hora
888 729 966 772 cum
997 709 1195 773 marchione
1226 709 1269 773 de

150 796 260 861 Haste
283 799 319 861 et
343 816 460 860 eorum
484 796 687 880 sequacibus
711 796 882 880 privatim,
911 797 1001 860 siout
1025 817 1103 860 cum
1127 797 1269 880 Pupien-

151 885 245 950 sibus
260 888 466 960 statuerant,
485 884 690 950 Cremonam
706 885 879 962 exierunt;
906 886 1026 950 eadem
1041 889 1144 951 noote
1161 907 1269 970 usque

113 974 195 1043 aad
225 973 365 1038 Lambri
393 974 579 1038 transitum
609 993 781 1058 perexere.
834 974 901 1038 Die
932 994 1066 1057 quoque
1098 975 1379 1042 dominicanae.

150 1063 310 1128 veniente
333 1084 434 1128 mane
458 1063 590 1127 dictum
614 1083 758 1146 puerum
780 1067 996 1146 receperunt.
1035 1064 1082 1127 ut
1100 1065 1183 1127 dum
1205 1065 1269 1129 hec

150 1152 266 1217 omnia
295 1151 384 1216 clam
415 1156 609 1235 agerentur,
642 1151 800 1215 dominus
830 1155 947 1216 noster
977 1152 1075 1216 Iesus
1099 1152 1268 1231 Christus,

149 1239 244 1304 ultor
258 1241 412 1305 omnium
436 1240 614 1317 malorum,
638 1240 808 1304 iustitiam
832 1243 868 1305 et
889 1241 1060 1305 rationem
1083 1242 1269 1325 unicuique

150 1329 321 1394 dominica
346 1351 450 1393 manu
478 1333 610 1406 tenens,
640 1329 759 1395 volens
791 1329 962 1393 mirabilia
985 1350 1047 1393 sua
1071 1350 1174 1414 super
1196 1334 1268 1394 tam

105 1446 132 1484 ιο
151 1419 298 1502 pessimo
328 1419 423 1483 facto
460 1422 495 1483 et
532 1418 665 1483 crudeli
701 1421 915 1482 sacramento
954 1419 1114 1482 omnibus
1151 1440 1267 1503 perno-

149 1507 313 1572 tescerel:
339 1507 467 1572 accidit
490 1507 607 1571 divina
625 1507 859 1572 misericordia
874 1507 1044 1571 fortuitua
1064 1511 1100 1572 et
1115 1509 1268 1592 inopina·

150 1595 213 1659 bili
236 1616 327 1673 casu,
352 1597 443 1679 quod
459 1596 735 1660 Mediolanenses
751 1596 909 1680 predicta
927 1597 982 1660 die
1006 1597 1143 1661 sabbati
1166 1601 1267 1662 nocte
1288 1621 1376 1663 nura

149 1686 448 1769 appropinquante
472 1686 647 1750 civitatem
672 1685 862 1749 Mediolani
886 1685 1053 1762 exierunt,
1085 1686 1128 1749 ad
1152 1689 1268 1771 partes

149 1773 209 1838 ubi
221 1774 407 1857 Papienses
420 1775 564 1838 aderant
577 1775 789 1838 accedentes.
825 1774 892 1838 Die
905 1775 1077 1839 dominica
1088 1777 1269 1840 veniente2
1287 1800 1331 1843 rue.
1340 1801 1372 1841 sa

105 1890 131 1929 u
148 1862 216 1945 ipsi
227 1862 502 1928 Mediolanenses
519 1865 639 1927 contra
650 1863 871 1947 Papiensium
887 1865 1075 1928 exereitum
1090 1865 1268 1929 venientes

149 1951 297 2016 acerimo
326 1953 459 2036 impetu
490 1955 525 2016 et
555 1972 681 2036 magno
712 1952 860 2017 clamore
892 1953 1062 2016 insultum
1085 1974 1188 2037 super
1211 1973 1268 2018 eos

149 2040 317 2118 fecerunt,
350 2044 385 2105 et
409 2041 533 2124 aquilis
557 2040 600 2104 ab
624 2044 771 2124 utraque
797 2045 893 2124 parte
917 2041 1097 2106 commotis
1120 2043 1267 2125 prelium

149 2129 324 2212 incipitur,
361 2133 396 2194 et
431 2129 565 2193 bellicis
600 2150 660 2214 per
698 2133 814 2213 partes
852 2131 1056 2194 sonantibus
1094 2132 1188 2195 tubis
1223 2132 1266 2195 ab

149 2217 304 2302 utrisque
336 2221 499 2294 certatur,
532 2217 818 2283 Cremonensibus
844 2218 1033 2283 *eteorum
1058 2219 1177 2283 amicis
1200 2240 1267 2283 om·
1287 2245 1374 2292 *aare

103 2335 130 2375 so
149 2306 251 2371 nibus
280 2307 479 2372 videntibus
510 2311 546 2373 et
575 2328 645 2370 non
676 2307 886 2370 distantibus
916 2329 977 2392 per
1008 2309 1076 2371 duo
1107 2308 1265 2372 miliaria.

149 2394 316 2461 Videntes
339 2399 455 2461 autem
479 2396 664 2480 Papienses
694 2416 730 2460 se
760 2397 795 2458 in
827 2396 935 2480 prelio
965 2397 1110 2460 deficere
1138 2416 1177 2460 ao
1200 2397 1267 2461 for-

147 2484 281 2548 tissima
310 2485 382 2550 tela
411 2486 628 2550 inimicorum
658 2486 749 2551 ferre
772 2485 912 2549 minime
936 2506 1043 2570 posse,
1074 2488 1173 2568 terga
1195 2506 1266 2550 ver-

147 2576 271 2651 tentes,
303 2573 421 2660 spoliis
452 2578 487 2639 et
517 2575 613 2657 equis
644 2574 778 2651 ablatis,
810 2575 927 2657 fugam
953 2575 1146 2659 petierunt,
1182 2595 1266 2658 quos

149 2662 424 2727 Mediolanenses
439 2663 588 2728 insecuti
599 2663 746 2726 viriliter
757 2663 905 2747 amplius
918 2664 1012 2728 mille
1026 2663 1068 2727 de
1080 2663 1266 2728 maioribus

103 2781 130 2820 aa
149 2755 185 2815 et
207 2751 430 2816 melioribus3
444 2752 551 2835 Papie
567 2754 732 2836 ceperunt
752 2755 788 2816 et
803 2753 1039 2817 Mediolanum
1062 2752 1141 2817 illos
1157 2753 1266 2817 victos

149 2840 314 2904 ducentes
337 2841 374 2903 in
394 2861 529 2905 carcere
548 2840 773 2913 recluserunt,
799 2842 936 2906 nemine
960 2843 1128 2906 evadente
1150 2844 1266 2926 preter

148 2928 227 2992 illos
258 2929 318 3011 qui
347 2929 382 2992 in
413 2929 620 3007 nemoribus
652 2929 838 3013 paludibus
869 2932 904 2994 et
935 2932 1031 3013 aquis
1061 2951 1096 2994 se
1127 2931 1265 2994 abscon-

149 3018 285 3081 derunt.
332 3018 398 3082 Die
421 3039 501 3082 vero
524 3019 622 3083 Luae
645 3019 813 3102 sequenti,
837 3020 941 3082 tertio
966 3020 1044 3082 Kal.
1066 3020 1156 3102 Aug.
1180 3040 1267 3103 puer
1285 3048 1372 3090 ruso.

150 3105 285 3172 Scicilie
309 3105 513 3172 Cremonam
536 3108 696 3183 intravit3
728 3108 858 3172 ibidem
888 3130 1014 3191 magna
1044 3129 1122 3172 cum
1152 3108 1266 3172 letitia

103 3227 130 3268 ω
150 3194 218 3282 luit
246 3198 415 3279 receptus.
462 3197 529 3261 Die
556 3217 636 3260 vero
659 3196 756 3259 Lune
780 3195 905 3259 XIIII.
930 3197 1009 3259 Kal.
1034 3196 1435 3280 septe1nbris½naunu

148 3303 235 3366 puer
257 3285 370 3348 dictus
394 3285 575 3349 Mantuam
599 3287 740 3369 perexit,
767 3284 891 3348 deinde
909 3285 1088 3349 Veronam.

147 3437 250 3488 melec.

149 3566 176 3632 1)
197 3565 298 3616 Eadem
316 3565 374 3630 fere
391 3565 469 3617 verbu
487 3566 545 3618 eide
565 3581 651 3631 supera
669 3567 788 3628 α.1208,
805 3581 832 3630 p.
847 3566 881 3618 32
894 3580 932 3630 sq.
969 3565 1014 3614 Ad
1031 3570 1176 3630 sequentem
1194 3567 1266 3614 rela-

147 3638 244 3689 tionem
261 3637 296 3700 cf.
318 3636 362 3690 ‘N.
382 3636 491 3687 Archie'
510 3636 589 3700 XVI,
603 3653 632 3703 p.
646 3638 708 3691 260.
727 3637 788 3689 261.
878 3635 907 3702 2)
933 3635 1056 3686 Eundem
1080 3635 1149 3685 diem
1170 3634 1266 3686 hahent

103 3725 130 3766 rs
148 3707 234 3759 Notae
251 3707 279 3761 S.
299 3708 409 3774 Caeruli
426 3707 531 3761 Mediol.
549 3725 577 3775 p.
590 3708 652 3762 388.
724 3707 751 3772 3)
777 3706 888 3772 Opere‘us
906 3706 992 3757 Panis
1010 3707 1026 3760 l.
1047 3705 1062 3759 l.
1082 3707 1166 3770 refert
1183 3704 1269 3757 LXX

149 3779 244 3830 resilites
261 3778 414 3846 Pupienus,
432 3778 548 3829 XXXV
563 3780 660 3830 milites
678 3778 886 3830 Mediolanenses
904 3783 993 3844 captos
1018 3793 1087 3838 esse;
1113 3776 1270 3829 CXXVIII

149 3849 244 3902 ers-ilites
260 3849 405 3916 Papienses
421 3850 494 3903 Ann,
513 3848 586 3903 Plnc.
608 3849 667 3902 Gib.
682 3866 712 3916 p.
725 3850 778 3903 468
796 3849 872 3915 (Inde
889 3848 947 3903 Iole.
966 3849 997 3900 de
1013 3850 1115 3900 Massia
1133 3849 1178 3900 eol.
1190 3850 1265 3912 458),

148 3925 250 3974 centnm
267 3921 340 3974 Ann.
355 3920 483 3986 Cromen,
504 3918 578 3971 CXL
604 3919 638 3972 de
656 3918 815 3972 melioribus
834 3921 919 3971 Notae
936 3920 964 3974 S.
978 3921 1088 3985 Georqii
1098 3919 1203 3973 Medici.
1218 3920 1233 3972 l.
1247 3919 1263 3971 l.

147 3991 279 4054 referunt.
310 3991 389 4043 Vides
405 4007 475 4058 erqo,
493 3997 622 4057 quantem
637 3991 715 4056 fidem
728 3990 883 4056 Cedeynello
901 3993 931 4041 in
948 3993 1069 4043 numeris
1084 4007 1184 4053 eor-nm,
1202 4005 1266 4056 qnos

101 4080 130 4120 40
148 4063 357 4116 Mediolanenses
367 4069 392 4114 et
400 4062 551 4114 Placente‘ni
561 4065 684 4130 ceperant,
696 4063 761 4114 elie's
773 4061 836 4113 loce's
848 4063 964 4113 tribuere
971 4065 1068 4130 possis.
1097 4061 1141 4125 Cf.
1149 4061 1265 4111 Winlcel-

147 4148 230 4205 rraenn
250 4134 267 4187 l.
282 4134 300 4187 l.
314 4151 344 4200 p.
358 4135 419 4199 322,
438 4150 465 4187 n.
478 4136 504 4187 4.
537 4133 579 4197 Cf.
599 4133 630 4184 de
655 4134 702 4185 noe
716 4132 818 4200 proelio
835 4136 915 4184 etiam
933 4134 1005 4186 Ann.
1024 4132 1129 4186 Mediol.
1149 4133 1265 4182 me‘norea

148 4209 170 4255 et
194 4203 273 4259 Men.
298 4204 405 4258 Meds'ol.
427 4221 456 4271 p.
473 4207 534 4259 398.
553 4206 620 4271 401;
652 4204 799 4255 Salimbene
822 4207 868 4268 (ee
893 4204 973 4256 Cron.
999 4204 1118 4268 Sieardi)
1144 4205 1164 4266 f.
1179 4204 1264 4269 219²;

151 4274 266 4326 Itanos
276 4274 308 4328 de
320 4275 417 4342 Papie,
432 4275 479 4328 SS.
494 4275 591 4340 XXII,
608 4293 636 4342 p.
649 4278 702 4330 510
714 4291 768 4341 sq.;
787 4274 858 4327 We‘ll.
872 4275 970 4340 Brino,
985 4275 1032 4328 88.
1046 4275 1152 4336 XXVI,
1162 4290 1192 4339 p.
1203 4276 1264 4328 305.

146 4347 175 4413 4)
191 4346 262 4412 Ana.
277 4348 317 4400 19.
331 4346 443 4410 (XIIII.
457 4347 520 4401 Kal.
535 4347 617 4412 Sept.)
636 4346 691 4409 fnit
710 4362 735 4399 a.
751 4347 827 4401 1212.
846 4347 902 4397 dies
920 4347 1060 4398 domenico.
1091 4346 1193 4397 Anna·
1210 4347 1266 4411 ipse

101 4434 128 4474 45
147 4418 257 4482 erravit,
275 4418 324 4484 qni
340 4422 363 4470 et
382 4423 526 4483 sequentem
544 4417 612 4469 diem
631 4418 703 4481 falso
721 4420 887 4484 computant.
