2962 4936
203 416 237 468 96
362 411 553 466 IOHANNIS
572 410 819 466 OODAGNIlLLI
838 411 1019 467 ANNALES
1038 412 1073 468 A.
1088 416 1167 470 1226.

98 577 183 695 ἓξὲξ·
203 596 248 660 Et
282 601 366 659 tunc
402 596 509 659 acties
546 597 692 678 quedam
728 596 965 659 Parmensium
1000 599 1035 660 et
1069 595 1322 661 Mutinensium

148 677 408 767 ‘'peritissime
439 685 599 748 ordinata
630 688 750 748 contra
780 686 913 768 partem
941 705 1045 747 unam
1069 686 1237 767 quarterii
1261 686 1323 750 Bo·

201 773 418 837 noniensium
449 773 595 856 prelium
627 775 804 837 inchoavit
833 775 884 837 ita
907 794 1069 855 magnum
1094 777 1129 837 et
1152 775 1320 858 iniquum,

201 863 293 945 qnod
324 883 344 924 a
372 863 535 925 memoria
566 864 743 925 hominum
776 863 812 925 in
844 862 949 925 Italia
976 863 1151 926 reeordari
1181 864 1322 928 minime

201 954 317 1033 potest
328 951 348 1011 ¹·
385 950 497 1014 Gente
515 950 669 1014 Bononie
686 972 746 1034 per
762 971 920 1034 campum
945 951 1132 1016 enormiter
1155 953 1319 1036 dispersa,
1342 970 1355 1009 ὁ

202 1060 270 1103 non
295 1040 459 1114 credenti,
491 1040 583 1121 quod
613 1039 761 1123 prelium
792 1059 864 1104 esse
888 1041 1039 1114 deberet,
1069 1041 1118 1105 sic
1148 1043 1243 1124 quod
1266 1042 1321 1104 vix

201 1130 340 1211 incepto
364 1127 472 1212 prelio
497 1129 612 1211 potuit
636 1129 838 1211 congregari
861 1131 896 1192 et
919 1129 956 1191 in
979 1129 1083 1193 turba
1106 1133 1142 1193 et
1157 1131 1192 1192 in
1211 1130 1321 1195 sclera

201 1218 330 1292 reduci,
358 1217 514 1280 velutin
539 1217 775 1280 consimilibus
800 1218 875 1280 fieri
898 1218 1085 1282 consuevit.
1132 1218 1217 1282 Pars
1241 1240 1320 1284 vero

201 1306 401 1389 supradicta
417 1306 687 1370 Bononiensium
704 1306 863 1389 primitus
883 1326 1020 1388 agressa
1042 1307 1321 1390 impugnantiam

201 1396 353 1459 hostium
383 1395 530 1458 viriliter
560 1394 735 1468 sustinuit,
767 1398 803 1459 et
833 1395 1019 1478 pugnando
1046 1399 1082 1459 et
1105 1396 1150 1459 ad
1173 1397 1318 1460 invicem
1338 1414 1361 1451 ιο

201 1485 380 1569 preliando
404 1505 474 1546 una
498 1504 576 1566 pars
600 1482 744 1546 alteram
776 1504 855 1568 sepe
879 1485 1054 1566 usquead
1078 1485 1246 1568 populum
1270 1485 1320 1548 fu-

200 1574 306 1655 gabat
316 1575 337 1634 2.
384 1573 619 1655 Percipientes
650 1577 768 1636 autem
801 1572 1003 1636 Parmenses
1037 1576 1073 1637 et
1104 1573 1320 1638 Mutinenses

201 1663 435 1725 Bononienses
469 1663 506 1723 in
540 1660 632 1724 bello
666 1661 807 1725 fortiter
840 1662 1009 1739 resistere,
1044 1662 1096 1725 ira
1131 1665 1166 1726 et
1202 1663 1320 1726 dolore

201 1751 373 1822 commoti,
410 1770 527 1813 omnes
562 1749 695 1813 scilicet
724 1750 926 1814 Parmenses
961 1754 996 1814 et
1026 1751 1242 1816 Mutinenses
1277 1753 1319 1815 ad

85 1845 91 1858 '
201 1841 332 1902 dictum
357 1838 487 1901 bellum
519 1839 649 1901 diutius
680 1841 899 1902 concreatum
925 1838 1064 1903 *acriter
1091 1845 1319 1905 accesserunt.
1338 1857 1361 1897 1⁵

202 1927 368 1991 Similiter
398 1946 515 1991 omnes
546 1928 705 1990 cohortes
736 1927 854 2010 quasil
882 1928 1036 1991 Bononie
1067 1930 1253 2011 separatim
1284 1930 1321 1993 in
1337 1913 1412 1963 ’Μ’

201 2036 339 2078 suorum
374 2015 524 2078 militum
559 2036 758 2079 succursum
793 2016 964 2080 instanter
994 2022 1245 2096 convenerunt3
1286 2023 1320 2084 et

201 2107 373 2168 certantes
397 2107 432 2167 et
455 2105 499 2167 ad
522 2105 670 2168 invicem
694 2105 906 2187 iniquissime
922 2109 1126 2188 pugnantes,
1152 2127 1320 2190 unapars

200 2193 345 2256 alteram
377 2213 456 2277 sepe
487 2197 523 2257 et
552 2194 666 2277 sepius
695 2215 804 2276 usque
833 2195 869 2256 in
899 2215 997 2257 suum
1023 2195 1190 2277 populum
1213 2197 1320 2280 repel-

200 2282 321 2346 lentes.
357 2282 403 2344 Et
427 2283 509 2344 dum
532 2283 583 2345 ita
607 2282 846 2365 preliarentur,
872 2283 1106 2347 Bononienses
1130 2284 1223 2348 circa
1245 2285 1319 2348 XII
1337 2304 1361 2342 so

99 2395 127 2438 r.
175 2372 364 2454 ,plaustra
396 2392 498 2454 super
528 2372 653 2454 quibus
678 2371 928 2453 *manganellos
952 2377 987 2435 et
1010 2371 1172 2437 trabucos
1197 2375 1319 2437 consti-

198 2464 349 2536 tuerant,
373 2461 410 2522 in
434 2460 542 2544 prelio
567 2461 750 2536 duxerunt,
782 2481 860 2523 cum
884 2461 1007 2542 quibus
1031 2461 1123 2524 circa
1146 2463 1319 2526 carosium

198 2549 399 2612 Parmenses
434 2553 588 2611 astantes
622 2549 796 2631 lapidibus
831 2549 1029 2632 gravissime
1062 2551 1318 2634 percuciebant,

197 2637 429 2700 vulnerabant
453 2639 488 2700 et
511 2637 768 2701 interficiebant
777 2637 798 2714 ³,
823 2638 874 2701 ita
897 2639 989 2720 quod
1005 2642 1146 2722 propter
1162 2639 1319 2724 lapidum

198 2727 297 2800 ictus,
330 2744 414 2806 quos
444 2726 587 2788 sufferre
611 2746 680 2787 non
705 2728 903 2809 potuerunt,
933 2727 1104 2790 carocium
1128 2729 1203 2793 fere
1228 2731 1318 2794 dere·
1336 2749 1361 2788 as

198 2814 390 2895 liquerunt;
427 2816 463 2876 et
498 2814 734 2896 pugnantibus
758 2819 793 2878 et
828 2836 905 2878 cum
935 2816 1083 2880 inimicis
1118 2818 1319 2899 gravissime

198 2901 427 2985 preliantibus
451 2901 627 2965 Lonbardi
657 2907 740 2966 tunc
770 2905 807 2966 in
838 2924 955 2968 eorum
985 2925 1186 2970 succursum
1209 2926 1319 2989 usque

198 2991 242 3053 ad
272 2989 418 3072 prelium
447 2994 664 3073 perexerunt.
704 2991 786 3055 Viso
810 2994 875 3056 hoo
900 3014 920 3055 a
943 2996 1116 3076 potestate
1141 2994 1320 3060 Bononie4

198 3081 233 3141 et
252 3079 294 3140 ab
312 3078 485 3161 aliquibus
501 3080 582 3143 viris
598 3081 827 3164 prudentibus
843 3081 1008 3160 Bononie,
1033 3084 1125 3165 quod
1141 3083 1318 3148 Lonbardi

198 3168 240 3230 ad
272 3168 418 3250 prelium
452 3173 677 3243 accesserant,
707 3169 802 3233 illico
833 3171 876 3232 ad
906 3170 985 3234 illos
1010 3177 1186 3237 currentes
1210 3176 1247 3237 et
1270 3174 1318 3236 in·
1337 3196 1363 3236 ao

197 3260 329 3322 stantes
354 3263 389 3322 et
412 3260 654 3322 attentissimis
678 3258 837 3341 precibus
860 3259 952 3341 ipsos
976 3264 1165 3337 exorantes,
1198 3265 1239 3325 ut
1269 3263 1319 3325 in-

197 3346 326 3409 sultum
350 3348 387 3410 in
410 3347 519 3430 prelio
543 3348 657 3410 facere
677 3368 747 3409 non
764 3347 938 3424 deberent,
963 3349 1030 3411 nisi
1045 3350 1150 3414 turba
1165 3351 1318 3414 militum

198 3434 373 3507 Oremone,
399 3457 464 3517 que
488 3437 524 3497 in
548 3436 682 3498 insidiis
706 3436 913 3512 morabatur,
938 3430 1068 3519 primob
1091 3439 1128 3500 in
1153 3439 1246 3504 bello
1269 3440 1318 3502 in·

197 3527 315 3587 traret.
351 3524 600 3587 Verumtamen
619 3524 758 3606 quidam
783 3525 848 3587 viri
871 3527 1058 3607 prudentes
1078 3526 1257 3593 Placentie
1281 3532 1318 3593 et

196 3611 386 3675 Mediolani
415 3616 451 3674 et
475 3611 590 3674 Brixie
621 3633 738 3676 eorum
769 3615 932 3676 mandata
963 3618 997 3677 et
1027 3615 1120 3678 iussa
1144 3620 1317 3701 contemp·
1336 3643 1362 3684 as

196 3704 319 3762 nentes
348 3702 384 3762 in
415 3699 524 3782 prelio
555 3700 773 3764 intraverunt
803 3705 838 3764 et
860 3702 999 3766 fortiter
1030 3706 1064 3766 et
1088 3705 1215 3768 acriter
1238 3727 1317 3769 cum

197 3788 354 3850 hostibus
370 3792 622 3870 pugnaverunt.
647 3788 865 3873 Quapropter
878 3791 1111 3856 Bononienses
1127 3792 1317 3875 plurimum

196 3996 218 4041 a)
232 3995 355 4042 ensentium
370 4005 425 4042 quas
440 4005 456 4036 c.
511 3995 533 4041 b)
548 3996 576 4042 cf.
589 4007 658 4044 supra
668 4009 693 4045 p,
702 3998 735 4046 93,
751 3999 766 4037 l.
776 3997 809 4035 22.

198 4172 224 4237 1)
244 4171 286 4234 Cf.
301 4172 346 4223 (Ν,
359 4172 470 4223 Archio’
482 4171 562 4238 XVI,
578 4191 608 4240 p.
621 4176 681 4227 266.
743 4172 771 4241 2)
792 4174 833 4237 Cf.
853 4175 917 4228 inu.
933 4192 961 4241 p.
980 4177 1041 4230 275.
1096 4178 1123 4243 3)
1143 4176 1237 4230 Huius
1255 4183 1319 4230 novi
1356 4193 1359 4199 ·

194 4244 299 4305 umeris
323 4241 512 4293 machinarum
536 4244 689 4296 bellicarum
713 4244 926 4295 adhibendorum
950 4247 1104 4298 mentionem
1129 4247 1237 4309 faciunt
1255 4251 1315 4304 Alb.
1335 4261 1362 4299 40

196 4311 300 4364 Milioli
318 4313 335 4366 l.
357 4313 383 4376 l,
410 4313 557 4365 Pomanus
576 4315 593 4367 l.
613 4315 638 4379 l,
659 4318 732 4368 Ann.
750 4315 843 4368 Parm.
862 4318 925 4368 mai.
942 4332 971 4381 p.
985 4317 1045 4380 668,
1065 4319 1254 4380 confirmantes
1272 4337 1318 4373 aas

196 4388 288 4449 captas
306 4398 359 4435 esse
377 4384 411 4434 ab
429 4382 555 4447 testimo,
574 4392 604 4435 nt
623 4385 738 4451 Oodapn.
758 4387 837 4449 infra
854 4386 926 4439 dicit.
1010 4385 1038 4452 4)
1056 4387 1209 4453 Alimando
1227 4391 1316 4443 Faba.
