2978 4928
200 409 237 461 24
359 403 548 458 IOHANNIS
567 402 814 458 OODAGNELLI
833 402 1014 458 ANNALES
1033 405 1068 460 A.
1083 407 1159 461 1199.

105 569 181 622 1199.

76 637 182 677 Maiin?
308 589 438 651 Modern
463 608 553 650 anno
573 591 608 650 et
625 588 744 651 eadem
760 587 960 665 indictione,
986 588 1041 651 die
1056 587 1180 650 Martis
1195 591 1321 652 octavo

201 677 326 741 mensis
349 674 480 739 Madiil
503 675 778 740 Mediolanenses
801 678 837 738 et
856 675 1051 740 Placentini
1074 696 1151 739 cum
1176 676 1322 740 carociis
1411 701 1414 707 ·

83 789 180 829 narie.
202 767 360 830 exierunt
393 765 566 841 civitates3
603 765 687 827 XII.
723 765 778 828 die
817 765 970 829 eiusdem
1009 766 1133 828 mensis
1172 768 1321 847 uterque

202 855 372 918 exercitus
389 856 677 917 castramentatus
696 856 749 916 est
764 853 857 938 apud
873 852 1186 929 Castrum-norum
1207 853 1322 918 altera

85 967 140 1004 neri
151 967 182 1007 m.
200 963 281 1007 vero
298 943 353 1006 die
361 944 381 1019 2,
407 942 539 1006 scilicet
555 943 735 1019 dominica,
754 943 864 1006 omnis
880 943 1049 1006 exercitus
1065 962 1167 1026 super
1182 942 1317 1026 ripama
1344 963 1358 1001 s

202 1032 376 1096 Sesteroni
411 1031 576 1095 consedit.
632 1031 700 1110 Qui
734 1032 920 1095 admodum
954 1031 1170 1095 inimicorum
1208 1033 1321 1094 terras

84 1145 182 1184 nasim.
202 1120 415 1205 depopulans
439 1140 499 1204 per
522 1123 592 1184 tres
615 1121 665 1184 ibi
688 1113 866 1184 constititb
887 1120 969 1184 dies.
1009 1119 1075 1183 Die
1099 1122 1215 1184 autem
1232 1120 1320 1184 Mer·

202 1209 311 1273 curii3
334 1213 541 1293 congregato
565 1210 728 1285 exercitu,
759 1229 827 1291 quo
850 1209 1054 1273 invaderent
1076 1230 1146 1272 non
1169 1209 1320 1291 amplius

201 1299 417 1363 invenientes
428 1319 539 1381 neque
550 1318 668 1362 versus
680 1298 797 1362 hostes
809 1297 981 1382 preliandi
994 1297 1125 1381 copiam
1140 1298 1319 1373 habentes,

201 1389 340 1471 penitus
357 1387 449 1451 domi
472 1390 671 1450 statuerunt
695 1386 845 1450 *reverti
885 1385 1130 1450 Cremonenses
1146 1391 1315 1468 namque⁰
1341 1408 1368 1445 ιο

201 1481 236 1540 et
252 1477 453 1540 Parmenses
478 1497 555 1539 oum
579 1475 721 1539 carociis
744 1477 814 1538 suis
838 1478 873 1538 et
892 1474 1051 1538 omnibus
1067 1495 1182 1539 eornm
1200 1475 1321 1538 amicis
1341 1461 1430 1510 *²'·4²⁰'

92 1616 95 1621 .
201 1560 400 1650 Burgenscd
427 1568 578 1628 castrum
608 1564 837 1628 obsederant4
866 1567 970 1645 atque
1000 1584 1035 1626 se
1067 1567 1102 1627 et
1125 1584 1204 1627 suos
1228 1583 1325 1628 caro·¹

202 1656 271 1718 cios
303 1653 458 1717 virilibus
488 1652 619 1717 viribus
649 1653 788 1717 minime
820 1653 1042 1728 confidentes,
1073 1651 1177 1716 velud
1206 1672 1320 1716 nemo·

200 1743 305 1819 ribus,
330 1745 370 1804 ut
394 1742 506 1805 solent
530 1742 697 1806 heremite
720 1740 862 1817 includi,
887 1742 1035 1804 maximo
1051 1740 1143 1804 vallo
1159 1743 1194 1804 et
1217 1741 1320 1804 fossis

201 1831 353 1912 undique
376 1830 602 1905 incluserunt,
626 1834 675 1906 ut,
701 1851 786 1912 quos
808 1850 987 1913 corporum
1004 1851 1075 1893 non
1090 1829 1320 1893 defenderent
1341 1850 1367 1889 1⁶

202 1921 299 1996 vires,
332 1915 447 1982 saltim
478 1918 545 1982 loci
574 1919 708 1983 foveret
738 1939 778 1983 ac
808 1922 966 1982 tueretur
996 1919 1171 2002 asperitas.
1225 1917 1320 1981 Dum

202 2012 318 2072 autem
334 2007 614 2071 Placentinorum
631 2011 667 2072 et
682 2008 992 2072 Mediolanensium
1017 2007 1187 2071 exercitus
1209 2026 1319 2071 rever-

202 2097 307 2160 sionis
330 2098 397 2161 iter
419 2097 543 2161 fuisset
566 2117 732 2181 agressus,
764 2098 903 2179 quidam
928 2097 1089 2172 hostium,
1117 2098 1314 2179 perhenne⁰

202 2187 369 2269 siquidem
393 2187 541 2250 dedecus
564 2190 767 2262 metuentes,
797 2186 956 2249 nltimam
980 2184 1258 2248 Placentinorum
1283 2188 1320 2249 et

202 2275 512 2340 Mediolanensium
547 2276 716 2340 exercitus
750 2278 885 2359 partem
920 2274 1034 2337 conati
1069 2277 1150 2337 sunt
1184 2274 1318 2355 agredi;
1339 2296 1367 2333 so

203 2386 286 2447 quos
309 2366 456 2449 prefecti
479 2364 759 2428 Placentinorum
784 2367 819 2428 et
838 2363 1149 2426 Mediolanensium
1172 2361 1320 2425 viriliter

95 2477 149 2521 *n
201 2456 421 2536 insequentes
452 2474 610 2536 magnam
642 2453 790 2536 *partem
821 2473 937 2515 eorum
962 2454 1128 2534 ceperunt
1152 2454 1187 2514 et
1210 2470 1319 2532 usque

167 2569 169 2572 ·
204 2545 248 2606 ad
271 2543 418 2626 predicti
440 2543 632 2624 ingressum
655 2542 854 2603 muniminis
870 2561 927 2604 eos
942 2541 1168 2621 fugaverunt,
1194 2539 1320 2603 deinde

203 2633 278 2713 ipsa
312 2631 367 2693 die
410 2651 488 2692 cum
526 2649 651 2712 magna
692 2632 871 2712 captorum
906 2630 1057 2691 hostium
1094 2628 1319 2692 multitudine

205 2719 297 2780 domi
330 2719 457 2782 reversi
491 2718 651 2793 fuerunt;
688 2720 723 2780 et
756 2717 806 2781 ibi
840 2716 967 2779 multos
997 2716 1248 2780 interfecerunt
1283 2721 1320 2780 et
1339 2739 1366 2776 25

203 2807 471 2870 vulneraverunt
481 2806 502 2866 ⁵.

204 3050 227 3101 a)
241 3051 321 3092 erlend.
335 3051 406 3096 Pall.,·
420 3049 480 3099 idam
494 3061 512 3090 c.
567 3050 590 3100 b)
604 3050 720 3090 constituit
733 3062 750 3092 c.
804 3052 825 3097 c)
839 3060 892 3099 naq}
906 3061 923 3092 c.
977 3049 1000 3098 d)
1021 3050 1106 3098 bruger]
1121 3061 1151 3096 c.;
1170 3050 1320 3098 Burgensiurn

204 3105 274 3146 Perta.
328 3103 349 3153 e)
363 3105 442 3146 emend.
456 3104 531 3151 Perte,·
545 3103 662 3153 perherme
675 3115 693 3142 e.

115 3357 117 3361 ι
206 3318 232 3385 1)
257 3317 396 3369 Undecimo
412 3319 503 3384 potins
520 3318 564 3368 die
580 3317 660 3382 Maii,
679 3319 727 3384 qni
744 3318 799 3381 fuit
817 3318 917 3368 Mentis
934 3318 998 3382 dies,
1016 3319 1057 3368 nel
1073 3322 1186 3384 qudeim
1211 3317 1283 3367 Maii
1294 3317 1318 3369 8.

205 3392 260 3452 fail
272 3388 417 3442 sabbatum.
478 3388 506 3453 2)
524 3387 590 3439 Onm
602 3388 687 3440 altera
700 3387 757 3440 dies
770 3388 926 3454 Ooddynelle
937 3391 972 3440 sil
983 3389 1039 3441 dies
1050 3391 1179 3451 crastina,
1196 3388 1239 3438 lie
1251 3387 1321 3438 nen
1339 3399 1367 3438 so

204 3476 258 3512 non
276 3460 415 3512 concordet
432 3475 492 3510 cnm
505 3459 729 3525 praecedentibus.
761 3459 896 3522 Quaedam
914 3463 1012 3512 omissa
1031 3475 1083 3511 esse
1096 3465 1158 3524 posi
1177 3456 1319 3510 Castrum-

205 3548 307 3583 novum
323 3532 503 3583 mnniendnm
521 3536 564 3583 esi.
637 3530 665 3599 3)
684 3531 735 3582 Die
746 3531 819 3581 Maii
830 3533 873 3586 19.
885 3531 932 3582 hoc
942 3533 1077 3597 proelium
1089 3532 1255 3581 commissum
1268 3545 1321 3580 esse

205 3604 328 3667 referunt
340 3605 419 3653 etiem
431 3602 516 3652 Notae
528 3601 556 3655 S.
569 3601 679 3666 Georqii
688 3602 796 3655 Mediol.
805 3619 834 3668 p.
845 3604 905 3656 387.
959 3604 987 3668 4)
1008 3603 1070 3652 Non
1088 3599 1259 3667 obsederant,
1275 3602 1320 3652 sed

205 3680 333 3725 steterunt
351 3674 425 3739 opud
437 3673 561 3737 Burnum
578 3673 606 3726 S.
621 3673 757 3737 Domnini,
775 3680 805 3725 ni
823 3673 990 3737 defenderent
1007 3673 1134 3740 oppidum
1151 3679 1245 3723 conire
1257 3671 1319 3722 Plo-

205 3746 322 3796 ceniinos
345 3749 368 3794 ei
393 3743 610 3809 Mediolanenses,
636 3750 665 3794 ui
690 3745 813 3808 reserant
836 3746 909 3797 Ann.
934 3745 1052 3796 Cremon.
1081 3749 1103 3793 el
1128 3743 1200 3796 Ann.
1226 3743 1318 3796 Pcrm.
1338 3759 1365 3797 st

206 3817 269 3868 iridi.
285 3833 314 3882 p.
328 3817 387 3869 665.
464 3816 491 3881 5)
514 3814 711 3880 Winlcelmdnn,
732 3815 849 3881 velih,
869 3815 989 3881 Philipp’
1005 3832 1033 3881 p.
1046 3815 1107 3879 344,
1127 3814 1190 3864 hnic
1206 3815 1320 3865 nimiam

206 3886 284 3950 fidem
295 3885 374 3950 dedii,
386 3901 444 3936 cirin
456 3886 551 3937 diceret
562 3886 719 3937 Parmenses
731 3892 754 3937 ei
767 3887 950 3938 Oremonenses
961 3886 992 3937 de
1004 3886 1052 3936 noc
1062 3886 1163 3952 proelio
1175 3885 1320 3948 inferiores

206 3959 360 4020 discessisse,
385 3973 448 4008 nain
471 3963 580 4022 praeter
602 3957 789 4022 Codrionellnm
813 3971 887 4008 nemo
908 3959 999 4023 ponis
1023 3957 1228 4008 Mediolanensis
1250 3957 1320 4006 lanc

206 4031 296 4081 vicisse
320 4029 392 4080 dieii
417 4029 486 4092 (eide
507 4034 617 4095 praeter
634 4031 690 4078 iam
716 4029 828 4078 landate
845 4028 918 4081 Ann.
937 4027 1042 4081 Medici.
1062 4027 1148 4079 breves
1165 4033 1189 4079 ei
1206 4029 1321 4078 neinores

203 4118 231 4166 p.
245 4103 305 4155 391.
323 4103 384 4165 397,
405 4099 482 4153 Mem.
495 4100 603 4152 Mediol.
618 4116 647 4166 p.
661 4101 722 4162 400,
743 4099 814 4151 Ann.
827 4098 909 4152 Biia.
923 4114 953 4164 p.
966 4100 1040 4164 815),
1059 4114 1118 4149 cnm
1136 4099 1208 4149 Ann.
1225 4098 1317 4149 Parni.
1338 4113 1366 4150 so

207 4173 270 4223 mai.
289 4178 312 4222 ei
331 4172 450 4224 Cremon.
469 4178 492 4222 ei
513 4173 673 4236 praesertim
692 4169 821 4220 Sieardns
840 4175 948 4236 portem
966 4169 1187 4220 Mediolanensem
1202 4170 1318 4235 peiorem

203 4247 309 4308 panem
336 4246 462 4310 occepisse
487 4242 617 4305 referant.
643 4240 743 4293 Alteri.
770 4240 879 4304 Milioli,
904 4239 987 4292 Liber
1010 4241 1042 4292 de
1068 4246 1144 4308 temp.
1169 4255 1188 4293 c.
1211 4242 1270 4303 197,
1297 4246 1321 4289 ei

208 4312 306 4366 Olenon.
320 4313 428 4378 Mniin,
442 4313 588 4376 Marcioni,
600 4312 648 4365 SS.
662 4311 727 4376 XV,
747 4311 792 4364 eol.
805 4313 866 4373 557,
885 4317 908 4362 ei
921 4311 977 4364 Iole.
991 4313 1021 4362 de
1033 4312 1135 4363 Messis
1150 4312 1197 4362 col.
1210 4312 1270 4365 457.
1290 4311 1321 4360 de

207 4387 329 4436 rrenirius
342 4387 435 4451 pariis
451 4385 562 4436 noenia
579 4383 725 4449 quidquem
743 4383 862 4435 tradunt,
