2978 4928
366 440 556 498 IOHANNIS
574 438 821 494 consuuntur
841 439 1021 494 exustas
1040 442 1073 496 A.
1090 445 1165 498 1226.

423 631 464 688 59
489 625 607 689 Niehil
631 624 718 687 fecit
741 644 817 687 omn
843 625 983 699 nuntiis,

487 715 581 794 Quos
605 713 742 776 tradere
766 713 950 775 mendatiis

486 803 591 866 Nisus
616 805 685 875 est;
711 802 774 864 hec
799 806 838 863 ut
862 802 1033 869 viderunt.

488 893 542 956 Ad
567 890 705 975 propria
728 890 905 953 redierunt

525 981 691 1045 Decimo⁸
718 980 761 1043 de
784 979 886 1042 Iulio.

423 1164 464 1221 60
488 1159 533 1221 Et
557 1160 593 1221 in
618 1159 674 1221 die
698 1157 757 1239 qui
780 1158 936 1239 sequitur

486 1247 610 1311 Contio
635 1248 698 1310 hec
722 1245 909 1329 colligitur,

485 1336 561 1415 Qua
584 1329 805 1399 Lonbardosb
834 1335 1005 1399 banizavit

485 1426 600 1508 Atque
625 1446 683 1488 eos
707 1426 895 1501 execravit;

524 1515 608 1578 Post
632 1515 674 1577 de
698 1516 799 1576 nocte
822 1515 954 1597 refugit

421 1697 460 1754 61
487 1693 532 1756 Et
555 1712 616 1776 per
640 1691 869 1755 Monbardoni
893 1697 1026 1758 montes

483 1780 720 1845 Pontremuli⁰
748 1782 893 1845 accessit
916 1788 1048 1866 partes;

483 1870 551 1950 Qui
575 1870 727 1934 civitatis
750 1871 876 1934 timens
900 1873 1109 1954 nequitiam¹

482 1960 686 2023 Pisanorum
709 1959 757 2023 ibi
782 1962 977 2043 expectavit
1001 1962 1169 2038 militiam,

150 2075 178 2114 15
521 2048 609 2112 Cum
633 2067 702 2129 qua
725 2048 900 2131 profectus
923 2045 1013 2114 fuit‘¹
1034 2051 1131 2114 Pisis.

170 2241 260 2304 -De
284 2258 389 2322 pace
414 2240 455 2301 et
478 2235 715 2301 concordia
737 2234 859 2297 facta
881 2235 999 2299 inter
1022 2236 1318 2320 imperatorem

290 2331 332 2391 et
355 2326 610 2390 Lonbardos
633 2344 708 2408 per
731 2345 936 2386 summurn
961 2325 1234 2407 pontificem.

306 2459 534 2533 MOOXXVI,
559 2458 749 2523 indictione
773 2457 848 2535 XV,
880 2459 922 2523 de
946 2479 1061 2524 mense
1086 2458 1248 2524 Octubris
1276 2459 1319 2524 le·
1339 2490 1383 2531 mr.

198 2551 275 2634 gati
305 2549 430 2613 summi
458 2548 631 2633 pontificis
661 2567 739 2610 oum
773 2547 903 2610 domini
932 2549 1149 2632 imperatoris
1174 2548 1319 2612 'nuntiis
1340 2576 1423 2624 vae.

150 2662 180 2701 so
199 2638 433 2704 Loubardiam
456 2639 636 2712 intrantes,
661 2637 852 2701 rectoribus
874 2639 1049 2703 societatis
1065 2639 1260 2703 Lonbardie
1285 2640 1320 2703 et

200 2727 469 2810 uniuscuiusque
486 2725 637 2790 civitatis
653 2727 884 2809 potestatibus
905 2750 946 2793 ex
969 2734 1068 2813 parte
1091 2729 1216 2792 summi
1240 2750 1320 2812 pon-

198 2817 303 2881 tificis
327 2816 566 2900 precipientes,
591 2818 631 2878 ut
654 2816 698 2879 ad
722 2816 795 2881 eius
820 2819 1028 2901 presentiam
1052 2840 1113 2903 pro
1138 2818 1318 2892 discordia,

200 2927 303 2989 quam
327 2926 405 2970 cum
430 2905 568 2969 domino
591 2904 797 2988 imperatore
821 2909 1006 2984 habebant,
1036 2909 1198 2973 accedere
1222 2906 1319 2971 debe·

199 2996 310 3058 renea
346 2993 607 3058 Communicato
630 3014 711 3057 vero
736 2996 898 3059 conscilio
922 2997 1055 3081 legatos
1078 2999 1168 3061 viros
1186 2996 1319 3060 nobiles

152 3103 181 3144 rs
200 3087 236 3148 et
271 3084 458 3168 prudentes
493 3084 536 3146 ad
572 3083 697 3145 summi
731 3086 904 3167 pontificis
935 3087 1150 3150 maiestatem
1182 3087 1318 3149 mittere

200 3175 410 3237 statuerunt.
458 3173 510 3237 De
541 3192 657 3235 mense
685 3174 801 3235 autem
825 3172 1013 3236 Novembri
1036 3175 1101 3258 ipsi
1125 3175 1233 3258 legati
1256 3174 1318 3238 Bo·
1343 3200 1392 3243 mv.

200 3263 340 3326 noniam
375 3262 587 3337 accedentes,
622 3261 752 3324 ibidem
787 3282 823 3324 sc
859 3264 1094 3344 expectantes,
1130 3284 1247 3327 omnes
1283 3284 1318 3327 se

86 3374 121 3423 ψ.
130 3373 181 3414 nr.
201 3352 482 3415 coadunaverunt
492 3350 514 3412 ³.
562 3349 642 3415 *Die
674 3350 845 3414 dominico
876 3370 967 3413 nono
991 3348 1070 3412 Kal.
1096 3349 1461 3427 Decembris4mv.22.(a

199 3440 267 3504 iter
290 3460 408 3504 eorum
432 3439 671 3523 proficiscendi
694 3439 739 3502 ad
756 3439 944 3502 Romanam
962 3437 1091 3501 curiam
1109 3437 1316 3502 direxerunt.

154 3549 182 3589 ro
201 3528 268 3607 Qui
292 3549 312 3591 a
335 3549 468 3592 summo
492 3528 655 3611 pontifice
680 3531 716 3591 et
739 3548 759 3590 a
781 3527 935 3591 Romane
967 3526 1059 3591 curie
1084 3525 1318 3590 cardinalibus

200 3619 304 3700 atque
327 3618 408 3682 viris
432 3617 605 3682 nobilibus
630 3620 666 3680 et
689 3616 910 3701 magnatibus
933 3616 1029 3680 urbis
1052 3615 1159 3679 Rome
1189 3615 1318 3698 magni·

200 3807 222 3858 a)
235 3808 359 3850 Decimae.
414 3808 428 3846 b
452 3808 533 3847 emend.
548 3809 624 3854 Pom,-
638 3807 696 3854 Quia
712 3805 817 3847 lobardus
831 3818 849 3850 c.
905 3809 925 3856 c)
939 3806 1274 3855 emeredavr·;1’ermontremuli
1288 3817 1318 3853 r‚,·

199 3862 243 3900 Per
257 3861 396 3901 Pontromull
430 3863 500 3908 .·Br‚,·
514 3859 550 3900 Ad
564 3861 703 3900 Pontrcmull
717 3862 793 3909 Perta·
807 3861 835 3908 cf.
850 3862 875 3900 P.
931 3860 954 3912 d)
969 3865 1004 3900 cst
1017 3862 1042 3903 P.

201 4001 227 4072 1)
245 4003 280 4054 In
298 4003 386 4055 tribuo
409 4004 535 4054 extremis
552 4002 671 4054 uersibus
688 4003 798 4069 reliquit
816 4003 992 4070 Godaqrrellus
1010 4002 1167 4068 rhythmum
1186 4002 1318 4067 bucusque

153 4081 182 4122 ro
199 4075 329 4126 umatum
348 4078 403 4123 octo
421 4073 589 4128 sillabarum.
664 4073 693 4144 2)
712 4073 756 4138 Of.
775 4075 900 4142 epistolae
918 4074 1037 4127 Honorii
1047 4073 1104 4138 III,
1124 4073 1211 4138 Epist.
1231 4071 1275 4125 sel.
1294 4073 1317 4135 I,

195 4161 225 4212 p.
238 4143 403 4205 234-236,
428 4159 471 4197 rr.
485 4147 546 4198 309.
564 4146 625 4199 310.
721 4145 749 4214 3)
775 4144 830 4196 Die
847 4145 913 4200 Nor.
928 4147 971 4199 21.
990 4147 1035 4199 22.
1053 4149 1165 4196 rectores
1188 4145 1318 4194 societatis

199 4215 336 4267 Bononiae
360 4212 464 4263 demum
484 4221 675 4280 procuratores
700 4216 736 4266 ad
756 4231 860 4283 papam
878 4217 1017 4268 mittendos
1034 4216 1235 4277 constituerant,
1254 4213 1316 4268 ibid.

195 4303 225 4352 p.
239 4288 291 4339 240
303 4315 324 4322 -
340 4285 402 4344 242,
420 4297 465 4334 m·-
477 4286 529 4339 319
539 4289 641 4352 -321,
659 4287 707 4338 ubi
720 4288 808 4338 eadem
820 4287 876 4350 fere
888 4287 975 4350 umba,
993 4302 1060 4353 quae
1077 4301 1163 4351 cupro
1182 4285 1199 4338 l.
1212 4287 1255 4338 22.
1269 4287 1317 4339 23:

199 4371 281 4423 super
299 4349 443 4416 discordia,
461 4370 544 4420 quam
562 4355 666 4410 habent
685 4373 748 4409 cum
767 4355 877 4408 domino
896 4355 1044 4410 Frederico
1061 4353 1248 4408 Romanorum
1267 4354 1316 4407 im-

152 4444 182 4483 40
199 4429 326 4494 peratore
343 4427 387 4474 etc.
459 4425 488 4492 4)
507 4427 573 4482 Νου.
585 4431 629 4482 23.
648 4429 704 4492 fuit
722 4444 747 4482 a.
762 4429 839 4483 1226.
859 4429 915 4480 dies
932 4427 1035 4482 Menoe.

1069 4533 1102 4589 6*
