2962 4936
218 466 294 522 VIII
661 464 892 522 PRAEFATIO.

218 648 347 729 nobilis,
378 670 435 714 nec
457 654 572 730 potens
600 669 657 713 nec
679 647 767 713 diaes
795 647 896 727 fuisse
925 646 1058 728 uidetur,
1090 668 1160 712 cnm
1187 645 1272 710 inter
1295 652 1339 710 tot

218 737 339 803 nobiles
353 737 559 803 Placentinos
575 737 612 802 in
630 736 815 802 Annalibus
830 735 1031 801 Placentinis
1050 735 1223 800 Gibellinis
1240 734 1339 800 dictos

219 826 327 891 nullus
349 825 445 891 luins
465 826 569 908 oeulis
591 826 726 906 dicatur,
751 845 850 906 neque
871 825 958 890 inter
975 825 1117 890 consules
1131 823 1339 889 Placentinos

219 914 387 996 quisquam
409 915 499 979 illius
519 914 623 996 pontis
645 914 840 979 inueniatur.

326 1003 447 1085 Primo,
482 1006 566 1085 quod
598 1003 707 1085 sciam,
743 1003 908 1067 Iolannes
947 1001 1157 1084 Oodaonellns
1191 1000 1338 1065 notarius

219 1092 362 1157 inueniri
379 1093 519 1158 dicitur1
541 1092 579 1157 in
601 1098 692 1158 carta
715 1093 793 1157 data
815 1113 846 1155 a.
866 1097 960 1156 1100.
985 1091 1082 1156 Febr.
1100 1097 1129 1171 6,
1153 1095 1279 1155 seruata
1300 1088 1339 1152 in

220 1181 349 1245 arclioo
372 1181 500 1262 publico
523 1180 705 1246 Parmensi.
752 1181 807 1245 Eu
829 1180 977 1263 Reoistro
1004 1179 1126 1262 orandi
1148 1176 1338 1244 Placentino

219 1270 349 1349 f.115‘.
374 1269 483 1335 citauit
503 1270 547 1335 B.
571 1291 671 1335 comes
691 1269 890 1335 Pallastrelli
913 1275 1036 1335 cartam
1058 1270 1168 1333 datam
1191 1272 1338 1332 01202.

219 1359 324 1422 Mart.
341 1365 393 1440 31,
424 1378 488 1440 qua
510 1379 581 1441 pan
609 1358 695 1424 inter
722 1357 897 1440 Papienses
927 1364 956 1423 et
982 1356 1241 1423 Mediolanenses
1263 1355 1338 1420 Pla-

219 1447 418 1529 centinosque
448 1449 665 1529 confirmatur,
702 1447 852 1528 scrirotom
882 1470 903 1512 0
933 1446 1081 1512 Iolanne
1116 1444 1336 1526 0000000οΙ02.

223 1537 310 1618 Quae
332 1538 428 1602 cerba
457 1538 663 1602 memoranda
692 1535 788 1600 leuius
811 1542 918 1600 cartae
941 1535 1091 1615 attulerit,
1120 1534 1214 1614 infra
1231 1555 1266 1615 p.
1284 1539 1337 1614 30,

218 1646 250 1690 0.
266 1631 295 1688 6.
312 1624 473 1690 adnotavi.
513 1625 559 1690 ln
571 1624 699 1690 arclioo
717 1623 921 1690 Cremonensi
932 1631 1034 1689 eastat
1046 1625 1180 1690 cartula
1191 1628 1337 1706 treugae

219 1735 285 1797 que
309 1718 362 1778 est
385 1715 544 1778 ordinata
574 1718 611 1778 et
639 1715 735 1778 facta
765 1718 869 1797 atque
893 1715 1066 1798 completa
1087 1715 1180 1778 inter
1204 1713 1337 1777 Cremo·

219 1823 342 1867 nenses
372 1806 408 1867 et
431 1804 632 1868 Parmenses
662 1808 698 1868 et
728 1803 949 1868 Placentinos
979 1803 1057 1867 data
1086 1823 1192 1887 prope
1223 1801 1338 1865 locum

220 1891 302 1956 Seni
325 1912 356 1955 0.
376 1896 471 1955 1202.
496 1892 571 1955 Iun.
592 1892 659 1954 10.3
682 1893 935 1976 presentia...
959 1892 1125 1955 Iohannis
1142 1893 1183 1955 de
1196 1890 1337 1954 Viarolo

219 1981 346 2043 notarii
370 1980 492 2045 Parme
523 1985 558 2045 et
582 1981 746 2045 Iohannis
770 1980 974 2064 Oodagnelli
998 1981 1125 2044 notarii
1148 1979 1336 2044 Placentie.

219 2067 344 2132 Parum
366 2067 456 2133 iuoat
477 2074 584 2133 cartas
607 2068 876 2150 Oodapnellianas
898 2067 1092 2149 sequentium
1115 2088 1275 2132 annorum
1298 2068 1338 2132 ab

219 2155 337 2221 editore
351 2156 540 2221 Placentino
563 2157 712 2223 laudatas
734 2178 928 2238 enumerare,
952 2177 1033 2238 anas
1051 2157 1153 2222 editas
1168 2178 1232 2221 non
1248 2157 1338 2220 liabe-

220 2245 341 2325 amusi,
366 2247 422 2311 sed
443 2245 568 2326 sufficit
589 2246 680 2312 nobis
702 2245 904 2312 adnotooisse
919 2248 1004 2328 qnod
1017 2245 1070 2311 ille
1085 2251 1197 2326 monet,
1220 2244 1337 2326 Caduc-

218 2334 336 2399 nellum
380 2334 555 2416 aliqnando
599 2335 726 2418 necatio
763 2335 937 2401 communis
975 2334 1159 2400 Placentini
1195 2333 1337 2416 pessisse,

219 2445 250 2487 a.
270 2428 365 2487 1204.
390 2424 474 2505 Sept.
493 2431 522 2488 7.
548 2430 578 2488 8.
602 2424 785 2490 iuramenta
815 2424 978 2488 dominnm
1008 2426 1044 2488 de
1073 2422 1246 2505 Uarreooio
1264 2443 1338 2503 pro·

217 2511 408 2577 mittentium
437 2534 470 2578 se
499 2513 695 2578 oboedituros
722 2534 787 2578 esse
810 2512 991 2595 praeceptis
1020 2513 1183 2578 consulum
1206 2512 1339 2576 Placen-

218 2599 360 2665 tinorum
383 2600 543 2682 recepisse,
567 2623 598 2665 a.
618 2607 712 2665 1210.
731 2602 814 2682 Sept.
836 2601 900 2667 Oct.
925 2623 996 2666 cnm
1022 2601 1100 2667 aliis
1122 2622 1193 2666 enm
1207 2599 1340 2665 missum

219 2709 293 2769 esse,
324 2695 360 2753 nt
387 2689 539 2770 reniteret
566 2690 750 2755 iuramenta
779 2689 943 2754 hominnm
972 2691 1172 2771 quorundam
1202 2690 1339 2753 locorum

219 2777 360 2859 reyionis
375 2777 573 2861 Balliensis,
597 2778 717 2859 Varsii,
741 2778 836 2843 collis
852 2778 1023 2858 Stafforae,
1047 2777 1283 2861 aonosoentium
1307 2798 1340 2841 se

219 2872 323 2931 tenere
345 2867 444 2946 feuda
467 2867 640 2932 communis
663 2867 857 2933 Placentini.

326 2955 524 3020 Postremum
535 2963 698 3021 cartorum
709 2956 747 3020 in
756 2955 916 3038 Recistris
926 2955 1128 3021 Plaomtinis
1138 2960 1339 3020 seruaturum

218 3065 241 3108 0
263 3043 412 3109 Iohanne
439 3043 629 3126 Oodoynello
657 3044 808 3127 scriptam
838 3067 903 3110 esse
930 3068 961 3110 a.
982 3051 1078 3108 1230.
1102 3065 1202 3109 comes
1229 3043 1339 3108 Palla·

218 3132 319 3197 strelli
342 3132 432 3214 dinit,
456 3131 542 3199 unde
565 3133 784 3199 coniciendum
806 3141 852 3198 est
873 3133 965 3199 illum
987 3133 1054 3198 iam
1076 3139 1281 3198 senescentem
1298 3133 1338 3196 ab

218 3221 275 3285 looc
308 3243 396 3287 anno
429 3221 545 3287 studiis
578 3222 740 3287 historicis
768 3258 812 3267 —
841 3230 877 3288 nt
905 3225 1076 3288 abutamur
1104 3224 1165 3287 lac
1194 3242 1265 3286 oooe
1294 3256 1339 3263 -

212 3309 415 3391 potissimum
443 3332 580 3389 uacasse,
615 3332 749 3393 quanm
776 3313 917 3392 fructum
946 3312 1096 3377 labemus
1130 3309 1339 3375 collectionem

218 3397 336 3464 codicis
357 3398 528 3480 Parisini,·
557 3400 646 3465 land
666 3401 762 3465 multo
779 3407 853 3482 post
875 3407 1020 3482 01235,
1051 3421 1111 3482 quo
1139 3401 1274 3464 annales
1297 3400 1338 3463 ab

218 3507 253 3552 co
275 3487 386 3570 scripti
409 3488 566 3570 manunt,
591 3511 661 3553 eum
683 3488 797 3554 obiisse
813 3488 993 3571 probabilis
1015 3495 1060 3554 est
1083 3487 1272 3554 coniectura.

219 3733 246 3800 1)
262 3733 305 3784 Ab
323 3733 359 3788 H.
372 3734 542 3800 Simonsfeld,
562 3734 605 3789 ‘N.
618 3734 729 3786 Arclio'
741 3734 835 3800 XXV,
851 3753 880 3802 p.
894 3737 955 3801 701,
974 3737 1023 3802 qui
1038 3750 1103 3787 sane
1119 3735 1179 3786 bene
1191 3735 1338 3795 nnrnisset,

218 3806 245 3855 si
269 3804 354 3872 plura
384 3806 416 3856 de
444 3805 495 3856 leae
523 3811 600 3857 carta
624 3806 744 3871 dixisset,
774 3807 867 3858 saltem
892 3807 983 3872 qualis
1013 3808 1138 3857 notarius
1163 3804 1338 3870 Codaquellus

217 3875 259 3926 ili
283 3876 398 3930 dicatur.
488 3877 516 3944 2)
544 3877 591 3928 Ea
621 3878 657 3928 iis
683 3893 750 3944 quae
777 3879 842 3929 dicit
868 3880 911 3928 oir
938 3878 982 3929 ille
1008 3879 1098 3929 donus
1125 3879 1155 3928 in
1183 3877 1233 3928 lac
1260 3882 1339 3926 carta

217 3953 242 3998 ct
259 3947 289 3997 in
307 3948 372 3999 aliis
396 3946 573 4000 cancellarius
592 3947 744 4000 communis
763 3949 938 4012 (Placentini)
956 3948 1129 4013 (nonmlliere
1147 3948 1191 3999 del
1207 3947 1338 4010 comune’)

219 4017 397 4083 Oodaynellus
419 4024 525 4070 uocatus
549 4035 602 4071 esse
625 4021 767 4074 rideretur.
803 4020 858 4070 Nec
883 4026 971 4072 tamon
989 4019 1088 4070 adduci
1101 4035 1219 4086 possum,
1244 4023 1272 4068 ut
1290 4017 1338 4069 hoc

217 4089 332 4141 medam.
428 4091 456 4157 3)
482 4089 568 4152 Quam
588 4095 651 4156 post
674 4092 801 4143 editorem
818 4090 1003 4142 Placentinum
1027 4092 1119 4142 citauit
1136 4090 1168 4144 L.
1181 4091 1336 4154 Astraiano,

218 4159 306 4212 Codca
324 4160 388 4228 dipl.
409 4160 527 4215 Orennn
545 4161 574 4225 I,
589 4177 620 4227 p.
633 4162 699 4226 203,
717 4177 761 4216 nr.
776 4164 817 4216 13.
907 4162 936 4229 4)
954 4162 1000 4213 Ea
1020 4168 1100 4228 porte
1117 4162 1188 4213 edita
1206 4166 1243 4211 est
1261 4165 1339 4210 carto

216 4230 303 4282 allato
328 4248 345 4282 a
370 4232 468 4284 Locato
492 4233 566 4299 apud
591 4232 744 4297 Graeciam,
770 4232 845 4286 lices.
871 4235 955 4299 antiq.
982 4239 1006 4284 et
1030 4233 1092 4286 list.
1111 4232 1210 4283 Italiae
1236 4231 1292 4296 III,
1311 4233 1338 4296 2,

215 4301 264 4356 col.
276 4303 320 4368 35,
339 4301 404 4354 dato
423 4319 449 4358 a.
463 4304 540 4358 1222.
560 4301 605 4356 die
618 4301 697 4356 Lune
710 4300 763 4358 XI.
776 4301 881 4370 Aprilis
900 4303 929 4354 in
947 4303 1027 4370 plebe
1039 4302 1217 4368 Florentiola,
1236 4303 1266 4352 in
1283 4317 1339 4367 qua

215 4369 354 4495 {phanum
374 4371 552 4444 Caput-agni
570 4376 641 4427 inter
659 4380 733 4428 testes
751 4376 876 4442 ocmorrit,
903 4391 983 4441 qnam
1002 4377 1092 4426 citauit
1111 4371 1339 4426 Hnillard·Brl-
