2962 4936
234 410 252 462 2
394 403 583 460 IOHANNIS
602 402 848 458 GODAGNELLI
866 401 1047 458 ANNALllS
1066 403 1101 458 A.
1116 406 1193 460 1090.

139 596 216 651 1090.
235 591 431 674 portantem
455 586 586 669 aliquid
615 586 652 649 in
680 585 864 661 civitatem,
896 585 1139 650 abstulebantl
1166 587 1214 650 eis
1245 587 1350 650 boves

135 700 216 748 usae
236 682 271 743 et
293 680 408 741 totum
431 676 521 758 quod
545 675 740 759 portabant,
765 677 801 738 et
824 674 929 738 etiam
953 673 1089 738 *manns
1113 677 1148 739 et
1171 676 1275 758 pedes
1299 675 1350 739 eis

145 788 216 832 cas.
235 765 444 830 incidebant.
491 763 536 826 Et
565 764 616 827 ita
644 765 815 827 steterunt
845 783 952 846 usque
982 765 1026 828 ad
1056 766 1212 828 octavam
1237 763 1350 828 sancti

235 853 426 918 Michaelis.
461 852 694 935 Percipientes
711 855 826 916 autem
843 852 1025 936 populares
1037 872 1153 916 carere
1164 852 1348 930 victualiis,

236 943 398 1008 conscilio
433 941 553 1004 habito
588 943 786 1003 statuerunt
824 941 915 1004 exire
952 941 1138 1016 civitatem,
1178 941 1347 1005 dicentes:
1380 963 1394 1002 s

238 1031 373 1096 ‘Melius
408 1033 460 1095 est
493 1029 580 1092 mori
613 1029 650 1091 in
684 1029 776 1092 bello
815 1050 917 1112 quam
950 1030 1065 1093 videre
1101 1029 1349 1094 desolationem

236 1124 388 1184 nostram
412 1120 447 1183 et
469 1118 562 1182 fame
586 1117 717 1201 perire'.
757 1117 802 1179 Elt
818 1120 981 1182 exeuntes
997 1119 1039 1182 de
1056 1118 1196 1182 civitate
1211 1119 1349 1182 iverunt

237 1210 280 1272 ad
303 1208 422 1271 villam
445 1206 565 1270 Sancti
583 1205 723 1288 Georgii
746 1209 782 1270 et
804 1205 900 1268 illam
925 1207 1165 1284 conbuserunt,
1190 1207 1349 1271 similiter

236 1297 353 1362 villam
385 1295 569 1379 Carpeneti
598 1298 634 1360 et
664 1294 866 1358 Oastrucani
895 1298 931 1359 et
961 1294 1051 1358 Iuda
1081 1299 1116 1359 et
1152 1295 1244 1359 Oarii
1273 1316 1349 1359 con·

237 1387 413 1451 buserunt.
465 1384 509 1446 aa
539 1385 620 1447 dum
650 1384 714 1447 hec
745 1386 938 1467 agerentur,
968 1384 1096 1448 milites
1126 1405 1243 1448 omnes
1274 1405 1349 1448 con·
1372 1407 1398 1447 ιο

237 1474 372 1558 gregati
395 1495 473 1538 cum
496 1473 590 1537 omni
619 1471 772 1536 exercitu
802 1491 929 1549 eorum,
961 1473 1117 1555 peditum
1147 1477 1183 1537 et
1211 1474 1350 1555 sagitta-

236 1564 374 1638 riorum,
406 1582 467 1645 pcr
498 1564 612 1645 partes
636 1559 833 1623 Corneliani
863 1564 898 1624 et
921 1560 1056 1625 Ronchi
1086 1565 1121 1626 et
1142 1560 1350 1626 Vicoiustini

238 1655 274 1717 et
302 1652 338 1714 in
368 1651 439 1713 illis
470 1649 625 1733 partibus
655 1649 731 1712 loca
761 1651 796 1712 et
826 1649 926 1712 villas
959 1648 1098 1712 illarum
1128 1652 1277 1735 partium
1313 1652 1350 1713 in

239 1743 406 1823 quantum
421 1741 582 1822 poterant
598 1737 842 1801 defendebant.
877 1737 1064 1821 Populares
1079 1759 1159 1803 vero
1175 1740 1219 1803 ad
1235 1740 1350 1823 partes

238 1827 441 1892 Trabaciani
464 1827 530 1890 iter
553 1846 670 1890 eorum
695 1826 893 1890 direxerunt
916 1829 951 1890 et
970 1825 1084 1890 locum
1104 1828 1205 1890 illum
1226 1828 1351 1891 conbu·
1371 1849 1399 1888 ιε

239 1920 358 1981 serunt
381 1919 416 1980 et
438 1915 662 1979 obsiderunt³
688 1917 772 1978 tunc
796 1919 956 1991 castrum,
987 1915 1114 1998 inquo
1138 1921 1236 1979 erant
1260 1916 1352 1979 circa

239 2005 364 2088 viginti
397 2003 525 2067 milites
560 2024 636 2067 cum
672 2003 876 2085 quibusdam
912 2003 989 2068 aliis
1028 2006 1070 2069 de
1105 2005 1277 2079 societate,
1314 2007 1352 2068 et

239 2093 518 2158 Monteiaconum
558 2095 593 2156 et
626 2091 832 2174 Predngiam
870 2097 1163 2177 expugnaverunt.
1221 2093 1351 2174 Cogno·

240 2185 372 2247 scentes
401 2202 481 2246 vcro
511 2174 658 2245 militesb
693 2181 874 2265 populares
904 2182 1007 2264 longo
1036 2186 1205 2246 terrarum
1235 2183 1351 2266 spacio

240 2293 259 2336 a
283 2271 422 2336 civitate
445 2270 632 2344 recessisse,
657 2291 774 2334 omnes
798 2271 923 2333 armati
938 2274 974 2334 et
989 2271 1147 2335 asclerati
1164 2292 1240 2334 cum
1257 2271 1352 2334 omni
1371 2293 1400 2332 20

239 2361 342 2426 turba
364 2359 524 2434 militum,
553 2359 709 2442 peditum
733 2362 768 2423 et
791 2360 1047 2444 sagittariorum
1071 2360 1282 2424 velocissime
1306 2361 1352 2423 ad

240 2450 415 2514 civitatem
439 2448 543 2512 celeri
566 2449 676 2531 gradu
700 2452 885 2524 currentes,
910 2449 1022 2511 ianuis
1046 2449 1173 2531 apertis
1188 2449 1226 2511 in
1241 2449 1350 2532 ipsam

239 2539 465 2615 intraverunt,
496 2536 670 2600 neminem
698 2537 912 2600 invenientes
942 2537 978 2599 in
1010 2557 1051 2601 ea
1080 2540 1194 2620 preter
1224 2537 1352 2601 milites

240 2629 276 2691 et
299 2626 464 2709 quosdam
488 2625 650 2708 captivos,
675 2625 793 2707 quiin
817 2625 900 2688 urbe
923 2628 1167 2702 remanserant,
1193 2630 1228 2690 et
1246 2627 1352 2690 habu-

241 2717 343 2779 erunt
372 2715 548 2778 civitatem
579 2716 614 2777 et
644 2733 685 2777 ea
714 2713 829 2776 omnia
858 2734 923 2796 qne
952 2713 989 2776 in
1018 2715 1092 2796 ipsa
1119 2719 1228 2778 crant.
1275 2714 1352 2779 Hoc
1372 2736 1400 2775 25

241 2803 360 2867 audito
384 2823 405 2866 a
427 2801 660 2885 popularibus,
692 2804 798 2865 mesto
827 2801 969 2880 turbati,
1004 2803 1138 2885 ingenti
1169 2804 1285 2867 dolore
1316 2807 1352 2868 et

240 2892 384 2956 tristitia
419 2890 589 2970 commoti,
623 2890 830 2954 festinanter
864 2892 908 2954 ad
942 2892 1062 2955 urbem
1096 2892 1273 2956 redierunt
1302 2892 1352 2955 *et

241 2979 409 3064 hospitati
437 2979 580 3043 fuerunt
609 2999 714 3062 prope
744 2978 923 3042 ecclesiam
953 2980 1064 3045 sancti
1087 2980 1208 3044 Lazari
1217 2980 1237 3041 1.
1284 2981 1353 3045 Sed

243 3069 369 3132 milites
398 3069 458 3150 qui
487 3071 725 3132 remanserunt
754 3070 851 3131 extra
874 3068 1050 3132 civitatem
1073 3070 1271 3151 gravissime
1295 3089 1352 3133 eos

240 3156 464 3233 infestabant,
499 3156 549 3220 ita
579 3157 669 3239 quod
697 3160 887 3221 mercatum
922 3157 1048 3221 habere
1080 3180 1150 3222 non
1179 3162 1352 3242 poterant.
1373 3183 1400 3221 ao

243 3246 396 3328 Cumque
420 3248 498 3309 acta
521 3245 583 3310 hec
607 3245 764 3321 fuissent,
790 3246 915 3310 accidit
935 3247 1051 3310 divino
1074 3247 1212 3323 iudici0,
1236 3247 1352 3311 volun-

240 3337 314 3398 tate
338 3334 468 3398 domini
491 3335 600 3397 nostri
622 3335 702 3399 Iesu
723 3334 860 3412 Christi,
885 3355 905 3397 a
928 3355 995 3417 quo
1020 3340 1144 3400 cuncta
1167 3337 1258 3400 bona
1280 3356 1353 3419 pro·

242 3424 380 3500 cedunt,
416 3426 452 3487 et
485 3423 557 3487 sine
591 3443 658 3505 quo
692 3423 743 3486 nil
777 3423 852 3487 ficri
884 3426 1000 3507 potest
1010 3424 1030 3498 2,
1065 3424 1191 3488 milites
1226 3425 1352 3489 comoti

241 3512 475 3576 misericordia
489 3514 525 3575 et
540 3511 680 3594 pietate,
701 3515 946 3595 cognoscentes
961 3512 1151 3595 nequitiam
1168 3517 1203 3577 et
1219 3514 1352 3577 demen-

240 3601 328 3664 tiam
357 3621 485 3674 eorum,
513 3602 689 3681 gementes
719 3604 754 3664 et
786 3601 962 3684 plorantes
985 3604 1021 3665 et
1043 3601 1248 3666 lacrimabili
1270 3622 1352 3666 voce
1372 3625 1400 3664 as

242 3690 412 3753 dicentes:
439 3688 529 3765 Ῥω,
557 3688 649 3772 paxl'
675 3688 841 3753 Similiter
871 3689 1054 3773 populares
1084 3690 1287 3773 plangentes
1317 3693 1353 3754 ct

242 3780 381 3862 pectora
410 3796 527 3840 eorum
558 3776 715 3841 manibus
745 3778 990 3860 percucientes,
1024 3784 1267 3862 cognoscentes
1298 3799 1352 3843 ne·

242 3867 385 3949 quitiam
410 3868 445 3929 et
469 3865 655 3928 stultitiam
685 3886 811 3942 eorum,
843 3866 916 3928 alta
938 3887 1019 3930 voce
1050 3867 1227 3931 dicebant:
1261 3867 1351 3942 ‘Pan

242 3955 335 4039 paxl'
361 3955 405 4017 Elt
429 3954 580 4018 exientes
604 3953 731 4019 milites
759 3955 975 4030 decivitate,
1007 3957 1127 4019 euntes
1151 3975 1267 4019 versus
1297 3976 1353 4038 po·

243 4044 363 4127 pulum
386 4043 580 4126 plangendo
605 4048 640 4108 et
662 4044 840 4126 gemendo,
864 4043 955 4107 inter
978 4063 1013 4108 se
1037 4045 1081 4107 ad
1098 4044 1244 4108 invicem
1261 4044 1354 4126 cepit
1371 4067 1402 4106 co

242 4200 265 4246 a)
278 4199 309 4237 alc
322 4209 339 4240 c.
392 4198 416 4246 b)
430 4202 453 4237 et
467 4199 518 4241 add,
531 4210 548 4240 c.

245 4322 271 4388 1)
292 4322 378 4373 setam
402 4322 439 4373 cd
462 4324 534 4373 ciam
551 4323 695 4374 Accilium
712 4321 784 4387 (San
801 4322 926 4374 chzaro
944 4321 1084 4384 alberoni)
1109 4322 1160 4392 2¹l,
1181 4323 1234 4377 km.
1253 4338 1270 4373 a
1288 4324 1355 4375 Pla·

243 4394 334 4447 centia.
405 4394 434 4460 2)
456 4393 498 4457 Cf.
519 4393 563 4446 ‘N.
576 4392 684 4444 Archiv’
702 4393 782 4458 XVI,
798 4410 826 4461 p.
839 4395 892 4448 292
910 4409 948 4460 eq.
