2962 4936
221 430 258 484 84
327 424 518 480 IOHANNIS
536 424 782 480 OODAGNIILLI
801 424 984 480 ANNALES
1001 424 1037 482 A.
1052 429 1239 482 raas-1228.

125 591 203 699 ¹23⁶}
223 612 286 674 fiee
303 614 338 675 et
355 611 516 674 decenter
531 610 676 673 fuerunt
691 609 832 692 recepti.
862 609 914 674 De
931 629 1047 674 mense
1062 629 1143 674 vero
1160 609 1341 674 Decembri

223 720 289 782 pax
322 702 357 764 et
393 699 575 762 concordia
608 698 705 761 facta
738 698 808 760 fuit
842 718 904 781 per
938 718 1108 762 summum
1144 698 1340 782 pontificem

222 789 315 852 inter
337 788 579 870 imperatorem
603 790 639 851 et
662 787 753 870 ipsos
776 786 1009 851 Loubard0s1.

126 865 203 919 1227·
330 874 561 952 MCOXXVL
597 876 787 940 indictione
822 875 898 949 XV,
935 877 977 939 de
1013 896 1128 939 mense
1165 875 1342 940 Februarii

140 935 203 977 Μ’
223 964 420 1028 Placentini
443 964 636 1048 eligerunta
664 964 699 1026 in
725 966 933 1047 potestatem
954 965 1130 1027 dominum
1148 963 1339 1028 (luidonem
1360 985 1373 1023 a

224 1055 267 1117 de
290 1053 497 1128 Landriano,
530 1054 637 1116 civem
662 1052 868 1129 Mediolani;
900 1053 956 1116 die
980 1053 1103 1116 Martis
1133 1052 1279 1117 intravit
1307 1053 1341 1115 in

224 1142 390 1225 regimine
414 1142 521 1225 ipsius
545 1143 706 1205 civitatis.

96 1254 163 1297 narr.
174 1255 205 1296 rs.
332 1230 398 1294 Die
414 1231 506 1294 Iovis
521 1230 647 1293 XIIII.
665 1230 744 1293 Kal.
762 1230 915 1314 Aprilis²
937 1231 1024 1295 obiit
1048 1252 1138 1314 papa
1156 1230 1341 1306 Honorius,

225 1323 261 1385 et
283 1319 437 1383 elevatus
460 1319 530 1382 fuit
553 1340 643 1403 papa
667 1317 862 1402 Gregorius,
891 1320 950 1401 qui
974 1322 1049 1383 erat
1070 1323 1156 1384 tunc
1179 1320 1343 1402 temporis

226 1408 409 1473 cardinalis
440 1411 475 1473 et
506 1408 686 1472 dicebatur
709 1407 907 1491 Hugolinus
938 1409 1117 1492 episcopus
1142 1409 1184 1472 de
1209 1408 1342 1472 Hostia.
1360 1430 1383 1468 ιο

128 1503 205 1557 1228.
332 1496 580 1560 MOOXXVII.
616 1497 811 1560 Placentini
842 1496 1035 1580 eligeruntr
1069 1497 1106 1559 in
1136 1499 1343 1581 potestatem

225 1589 260 1651 et
283 1590 451 1650 rectorem
474 1586 651 1649 dominum
668 1586 868 1650 Abiaticum
883 1585 1135 1664 Marcellinum,
1160 1586 1273 1649 virum
1289 1607 1343 1649 no·

109 1697 205 1739 nana.
226 1675 330 1739 bilem
355 1677 390 1738 et
414 1674 621 1758 prudentem
644 1675 739 1738 urbis
763 1674 962 1751 Mediolani,
991 1675 1051 1757 qui
1074 1678 1195 1738 octavo
1220 1675 1343 1739 mensis

226 1764 346 1826 Martii
369 1763 513 1825 intravit
536 1763 573 1825 in
596 1764 763 1845 regimine
788 1763 938 1827 civitatis
962 1763 1150 1828 Placentia.

227 1976 287 2039 De
310 1976 474 2038 itinere
498 1975 620 2039 facto
645 1976 693 2039 ab
718 1976 985 2060 imperatore
1015 1977 1136 2040 ultra
1167 1998 1281 2041 mare
1305 1979 1385 2039 eta

123 2087 152 2130 r.
201 2064 292 2128 .*de
326 2064 642 2129 innumerabili
673 2065 962 2129 multitudine
996 2066 1186 2130 virorum
1218 2065 1345 2130 belli-

228 2175 372 2217 corum
403 2154 662 2217 coadunatia
690 2155 801 2237 apud
828 2148 1155 2231 Brundusiumb‚
1188 2154 1344 2237 quibus

384 2243 627 2326 imperator
649 2243 796 2306 noluit
820 2244 921 2307 dare
944 2244 1193 2307 transitum.

334 2384 561 2449 MOOXXVI.
597 2385 752 2448 Honorio
783 2405 873 2469 papa
903 2386 1072 2450 existente
1102 2386 1158 2448 in⁰
1192 2385 1344 2460 ecclesia,

227 2474 375 2556 Rogerio
415 2474 579 2538 Federico
618 2474 850 2537 Romanorum
889 2469 1124 2557 imperatored
1165 2476 1346 2557 regnante.
1363 2493 1388 2532 ao

228 2563 357 2624 Eodem
381 2566 536 2645 tempore
560 2583 644 2645 gens
667 2563 899 2626 transmarina
915 2566 951 2627 et
967 2562 1196 2646 Hospitalarii
1219 2562 1346 2626 milites

229 2654 264 2715 et
296 2650 356 2712 alii
386 2651 451 2712 viri
479 2650 612 2714 nobiles
644 2655 679 2714 et
709 2654 868 2734 potentes
899 2656 938 2714 ae
967 2652 1106 2735 perfidis
1137 2652 1281 2775 paganis
1312 2655 1346 2715 et

229 2739 408 2802 Saracenis
438 2738 637 2820 gravissime
661 2740 932 2822 oprimebantur‚
965 2741 1183 2804 astrictiones
1211 2792 1217 2817 ,
1244 2760 1346 2823 angu-

230 2828 329 2901 stias,
371 2827 615 2890 tribulationes
658 2833 693 2892 et
728 2829 902 2911 passiones
937 2829 1215 2911 frequentissime
1251 2829 1347 2892 susti·

229 2918 360 2978 nentes.
408 2915 575 2979 Videntes
606 2919 722 2980 autem
757 2918 840 3001 ipsis
874 2919 1031 2982 resistere
1067 2917 1207 2982 minime
1238 2938 1346 3002 posse,
1365 2938 1390 2976 a

231 3005 482 3068 communicato
518 3005 681 3069 conscilio
716 3007 865 3070 virorum
902 3008 1107 3090 sapientum,
1144 3008 1187 3069 ad
1224 3007 1348 3069 summi

230 3093 402 3176 pontificis
433 3094 638 3176 presentiam
672 3094 805 3178 legatos
835 3095 924 3158 viros
955 3095 1088 3159 nobiles
1119 3099 1154 3159 et
1177 3098 1346 3178 potentes,

231 3181 371 3246 clericos
396 3185 430 3246 et
454 3183 569 3261 laicos,
596 3183 804 3247 direxerunt.
845 3183 913 3262 Qui
936 3185 980 3247 ad
1003 3185 1193 3247 Romanam
1218 3185 1348 3247 curiam

230 3272 432 3335 accedentes
463 3274 506 3335 ad
537 3274 641 3356 pedes
672 3273 803 3335 domini
832 3294 920 3356 pape
951 3293 986 3336 se
1013 3275 1347 3355 representaverunt

229 3360 399 3423 instantes
430 3363 462 3424 ei
490 3365 525 3425 et
555 3362 796 3425 attentissimis
827 3362 985 3444 precibus
1013 3361 1113 3425 illum
1143 3362 1348 3425 inducentes
1367 3382 1394 3420 ao

230 3452 266 3514 et
290 3452 478 3526 exorantes,
510 3455 551 3512 ut
580 3471 718 3533 operam
748 3450 924 3514 efficacem
948 3452 1101 3533 prestare
1125 3451 1277 3525 deberet,
1309 3452 1349 3512 ut

229 3539 293 3601 viri
324 3539 456 3603 nobiles
488 3542 523 3602 et
553 3540 785 3622 potentissimi
815 3541 850 3602 et
881 3539 941 3602 alii
971 3539 1036 3603 viri
1063 3538 1220 3603 bellicosi
1244 3542 1279 3602 et
1302 3539 1348 3602 fe-

230 3745 252 3793 a)
266 3746 297 3784 alc
311 3757 327 3787 c.
382 3747 405 3794 b)
418 3746 499 3784 brund’
515 3758 533 3785 c.
588 3746 608 3797 e)
623 3748 647 3786 in
660 3749 731 3796 suppl.
747 3748 843 3793 H.·Br.,·
858 3759 898 3786 om.
915 3759 931 3790 c.
980 3745 1004 3798 d)
1018 3749 1138 3796 Imperator
1152 3759 1169 3790 c.
1217 3746 1238 3799 e)
1252 3759 1266 3786 a
1279 3749 1351 3796 wppl.

230 3800 306 3845 Perta,-
319 3810 360 3840 om.
375 3812 393 3840 c.
448 3802 465 3848 f)
480 3801 559 3842 emend.
574 3801 668 3848 H.·Br.,·
685 3801 800 3840 astilioues
815 3812 832 3843 c.

231 3975 257 4044 1)
287 3976 361 4039 Quod
391 3976 450 4030 Dec.
472 3979 498 4031 8.
526 3979 582 4028 iam
612 3979 715 4041 factam
746 3993 798 4029 esse
827 3995 887 4030 cave
916 3995 950 4030 ne
976 3980 1070 4031 medas
1095 3983 1126 4028 ut
1154 3977 1350 4041 Winlcelmona,
1368 3985 1397 4025 aa

231 4048 383 4100 ‘Friedrich
396 4048 446 4102 H!
459 4048 483 4113 I,
498 4065 529 4114 p.
542 4051 603 4112 311,
616 4065 642 4102 a.
655 4051 681 4114 4,
697 4049 832 4102 Galvaaeo
844 4050 984 4102 Flammae
996 4049 1124 4113 mendaci,
1136 4049 1243 4116 Mam’p
1256 4064 1276 4102 o.
1287 4051 1350 4112 259,
1395 4072 1397 4075 ·

230 4121 279 4185 qui
292 4120 429 4186 plurimos
451 4119 507 4172 dies
531 4136 549 4171 a
569 4120 727 4185 Codagraello
745 4121 874 4172 indicatos
899 4122 1025 4173 cudatur
1043 4122 1201 4175 immutarit.
1232 4118 1352 4179 Honorii

230 4193 358 4241 renuntia
376 4191 480 4242 menam
504 4192 570 4241 dato
588 4197 624 4242 est
642 4192 703 4246 Ian.
716 4194 741 4256 5,
762 4191 850 4259 Epist.
869 4193 913 4246 sel.
933 4192 957 4256 1,
980 4210 1008 4259 p.
1022 4194 1186 4255 ans-251,
1204 4206 1248 4245 nr.
1262 4193 1349 4244 327-

230 4264 296 4326 3313
315 4261 372 4315 LL.
392 4262 479 4315 Consi.
498 4262 521 4326 Ι,
537 4281 566 4330 p.
581 4264 730 4328 141-144,
749 4279 793 4317 ar.
807 4266 962 4319 109—112.
1043 4265 1071 4329 2)
1090 4263 1175 4317 Mart.
1190 4264 1232 4321 19.
1251 4263 1307 4326 fuit
1325 4278 1350 4316 a.

232 4333 311 4386 1227.
329 4333 385 4384 dies
403 4334 519 4388 Veneris.
549 4333 687 4386 Honorius
706 4333 792 4388 Mart.
807 4336 848 4389 18.
874 4335 929 4398 (dic
946 4335 1030 4396 Iovis)
1055 4333 1125 4392 obiit,
1162 4333 1248 4397 Infra
1262 4350 1292 4400 p.
1306 4335 1349 4397 85,
1368 4343 1398 4382 40

232 4403 247 4456 l.
261 4405 304 4456 21.
324 4403 392 4454 idem
410 4406 533 4455 meadum
551 4407 691 4472 repetitum
709 4410 754 4457 cst.
964 4434 965 4437 =
