2962 4936
328 1476 654 1573 ADDENDA
683 1477 765 1572 ΕΤ
793 1475 1230 1576 EMENDANDA.

219 1683 505 1833 003023'033331122'.
521 1683 1342 1822 3533013‘iignffssfi‘3332.3333?ss

221 1839 316 1875 eorum
335 1839 448 1892 origine.

321 1898 409 1961 p.12,
425 1896 441 1948 l.
457 1898 498 1950 18.
518 1896 554 1946 ad
570 1898 695 1948 octavam
714 1895 801 1948 sancti
813 1894 956 1949 Michaelis
975 1899 1043 1948 adde
1060 1904 1150 1950 notam
1167 1899 1209 1966 4*)
1221 1897 1281 1951 Oet.
1297 1902 1340 1956 10.

219 1964 304 2016 etiam
320 1965 471 2032 imperator
480 1965 582 2034 Papiae
594 1964 655 2033 fuit,
674 1965 714 2020 St.
727 1984 769 2022 nr.
782 1969 852 2023 4387
864 1993 895 2011 =
910 1966 1030 2038 Stumpf,
1051 1968 1123 2022 Aeta
1135 1970 1200 2038 imp.
1215 1968 1340 2039 ffleiohe·

220 2035 332 2088 kanzler
349 2035 408 2104 ΙΙΙ)
424 2054 451 2104 p.
465 2039 518 2092 695
530 2054 577 2104 sq„
596 2054 637 2092 nr.
650 2040 711 2093 496.

321 2125 351 2175 p.
365 2111 409 2173 33,
429 2109 445 2162 l.
459 2111 502 2163 31.
522 2110 574 2174 leye
591 2112 622 2160 in
639 2125 726 2175 mary.
745 2107 819 2177 Aug.
833 2112 857 2164 9.

236 2247 254 2298 d
292 2251 304 2299 t
321 2196 350 2260 p:
364 2182 407 2246 34,
428 2180 445 2235 l.
459 2182 501 2234 34.
519 2186 582 2248 post
598 2181 671 2234 Ann.
686 2178 811 2234 Cremon.
831 2181 898 2234 adde
916 2184 944 2233 ei
960 2197 1029 2248 quae
1046 2180 1149 2234 ibidem
1166 2181 1214 2237 SS.
1227 2181 1339 2240 XXXI.

218 2264 235 2300 a
256 2264 290 2300 no
305 2265 356 2304 avl.

320 2339 350 2389 1).
364 2323 407 2388 58,
426 2322 443 2373 l.
458 2329 481 2378 7.
501 2325 531 2373 in
554 2339 641 2388 inarq.
661 2325 715 2389 leye
732 2321 805 2390 Aug.
820 2326 863 2378 29.
879 2339 934 2391 pro
951 2324 1025 2391 Aug.
1041 2323 1105 2392 (30).
1126 2331 1149 2376 et
1166 2331 1301 2392 pronote
1322 2328 1338 2380 1

218 2391 300 2444 deleta
317 2394 370 2459 leye
384 2395 409 2460 l)
425 2391 460 2445 In
478 2392 705 2460 praecedentibus
724 2393 758 2446 de
777 2393 866 2461 aliquo
886 2393 931 2447 die
950 2394 1051 2447 erravit
1063 2392 1252 2464 Godagnellus,
1270 2412 1339 2448 nam

219 2461 272 2515 hoe
291 2462 336 2515 die
349 2464 423 2531 Aug.
435 2466 478 2519 29.
492 2465 634 2531 sequentia
653 2463 725 2516 faeta
744 2481 801 2517 esse
819 2463 943 2517 referunt
960 2463 1034 2519 Ann.
1048 2464 1138 2521 Parm.
1151 2465 1214 2521 mai.
1234 2484 1261 2534 p.
1274 2469 1338 2523 666.

322 2552 352 2601 p.
366 2537 408 2600 59,
429 2535 445 2588 l.
458 2538 500 2590 30.
520 2538 550 2586 in
568 2552 655 2601 marq.
675 2536 728 2601 leye
745 2536 819 2603 Aug.
832 2539 875 2590 30.
890 2553 944 2602 pro
962 2537 1036 2605 Aug.
1050 2540 1092 2592 31.

321 2621 352 2671 p.
367 2611 409 2668 60,
427 2622 454 2659 n.
468 2608 493 2670 1,
516 2605 535 2661 l.
555 2609 597 2660 33.
617 2607 671 2658 dele
692 2605 743 2658 soli
761 2613 784 2658 et
803 2608 821 2658 l.
840 2609 883 2661 34.
902 2609 945 2662 35.
966 2625 1021 2674 pro
1039 2608 1086 2661 ubi
1104 2640 1140 2648 —
1158 2607 1259 2661 factam
1279 2626 1339 2663 esse

220 2675 273 2740 leye
291 2673 364 2729 Ann.
385 2673 476 2730 Perm.
495 2675 559 2730 mai.
579 2675 596 2730 l.
613 2676 631 2730 l.

323 2765 351 2814 p.
366 2749 409 2811 95,
427 2763 454 2800 n.
470 2750 493 2810 1,
514 2749 531 2801 l.
543 2751 586 2802 38.
607 2749 675 2813 leqe:
693 2747 744 2815 ipsi
763 2747 955 2804 Bononiensee
