2962 4936
248 442 251 449 '
351 429 543 486 IOHANNIS
565 427 814 484 OODAGNELLI
832 427 1014 483 ANNALES
1031 426 1068 485 A.
1083 431 1162 486 1226.

480 613 579 692 Quod
603 633 791 694 numquam
814 612 884 675 fuit
908 612 1022 676 debile

519 701 642 766 Secum
665 700 951 784 repugnantibus

416 902 457 960 53
482 897 583 960 Istud
608 899 758 959 castrum
781 897 990 972 nominatur,

480 985 580 1064 Quod
604 1005 625 1048 a
648 985 731 1048 flore
755 985 964 1062 derivatum,

481 1073 697 1137 Florenciola
720 1074 868 1149 domina,

482 1162 556 1241 Que
581 1166 633 1226 est
656 1162 795 1226 illarum
817 1163 939 1246 regina

521 1250 589 1314 Suo
614 1251 787 1315 benefitio·

418 1451 460 1509 54
483 1447 596 1510 Locus
620 1449 672 1510 est
695 1447 732 1508 in
756 1440 921 1529 planitieb

481 1536 527 1598 nt
550 1538 603 1598 est
626 1538 697 1598 tem
723 1534 868 1618 pulcher
890 1535 990 1612 fecie,

482 1624 582 1703 Quod
606 1644 723 1688 omnes
748 1624 811 1687 viri
835 1624 982 1708 cupiunt

482 1713 528 1775 Et
550 1712 635 1776 illuc
659 1712 708 1776 ire
732 1713 888 1795 gestiunt

521 1801 668 1885 Propter
691 1801 976 1865 habundantiam.

418 2001 459 2058 55
485 1996 564 2060 Illic
588 1999 670 2059 sunt
693 1997 801 2061 fortes
825 1997 953 2061 milites

481 2086 527 2148 Et
549 2085 730 2149 fortissimi
753 2087 898 2170 pedites,

483 2174 551 2253 Qui
574 2174 774 2238 resistentes
797 2175 937 2239 fortiter

482 2264 689 2328 Percutiunt
711 2264 858 2329 viriliter

521 2352 685 2416 Inimieos
710 2353 871 2435 undique.

420 2552 461 2609 56
486 2548 532 2611 Et
555 2548 619 2611 heo
643 2547 758 2610 sciunt
782 2546 1029 2612 Cremonenses

485 2635 615 2718 *Atque
639 2635 773 2699 nobiles
797 2636 1008 2713 Parmenses

484 2724 552 2803 Qui
574 2725 643 2788 iam
667 2745 725 2789 eos
748 2725 1017 2808 impugnarunt⁰

484 2813 599 2895 Atque
623 2813 773 2876 multum
797 2809 1043 2879 devastaruntd

523 2902 669 2986 Propter
691 2902 797 2966 istum
820 2907 972 2986 regem0.

421 3101 460 3159 57
487 3096 555 3161 Sed
578 3090 644 3162 nef
671 3097 773 3162 nimis
796 3098 1040 3177 inmoremur⁸‚

484 3186 540 3249 Ad
562 3186 740 3270 inceptum
763 3191 975 3252 revertemur

484 3276 530 3338 Et
554 3276 715 3351 dicemus,
741 3276 823 3358 quid
846 3269 982 3341 fecerell

483 3365 599 3447 Atque
624 3385 702 3428 cum
725 3385 806 3446 rege
829 3385 965 3447 gessere

522 3453 686 3518 Rectores
710 3453 824 3518 Italie.

421 3652 462 3710 58
487 3648 578 3732 Ergo
602 3649 690 3713 bene
714 3649 938 3731 cognoscetis,

484 3737 655 3814 Lectores,
680 3736 786 3801 michi
810 3738 968 3815 credatis,

485 3825 585 3904 Quod
608 3826 795 3910 imperator
818 3828 978 3952 optimus,

484 3915 687 3979 Animorum
710 3915 837 3999 impius

526 4002 635 4085 Super
658 4024 776 4069 omnes
800 3999 920 4080 aliosk,

204 4263 227 4311 a)
245 4266 325 4309 omem.
338 4265 414 4313 Portu
432 4262 537 4304 (leniatur
550 4276 567 4307 o.
643 4265 666 4313 b)
686 4267 768 4309 emend,
784 4266 860 4313 Portu
880 4266 992 4315 placentie
1005 4277 1022 4308 c.
1103 4269 1124 4315 e)
1144 4264 1323 4318 impugnatura.

205 4315 229 4364 d)
243 4312 405 4361 deuastsiintc.
451 4319 566 4364 anillam
579 4319 729 4367 tonsoratum·
747 4320 841 4367 fortasse
855 4320 955 4368 regulum
970 4320 1133 4362 emendandum.
1180 4321 1241 4368 One
1254 4323 1324 4372 suppl.

204 4371 298 4420 11.·1rr.,·
313 4382 380 4414 om.c.
429 4369 452 4421 g)
466 4373 588 4420 merdant·
602 4372 739 4412 minoremur
748 4384 780 4419 c.,·
794 4384 833 4412 vos
848 4383 961 4412 moremur·
975 4373 1044 4416 Perta.
1094 4372 1118 4423 h)
1132 4375 1213 4418 emend.
1227 4375 1323 4424 H.-Br.,·
1340 4368 1365 4410 ³5

204 4424 278 4463 fecere
292 4435 309 4467 c.
362 4426 378 4474 i)
392 4435 466 4464 vorm
479 4430 600 4476 corruptus,
614 4426 821 4466 miciacensem.
875 4425 1141 4478 k)emona.1³oru,·ano
1155 4438 1173 4470 c.
