2962 4936
211 395 240 450 X
654 393 887 450 PRAEFATIO.

213 599 283 643 cum
292 577 411 659 populo
420 582 548 658 partem
563 576 767 657 imperatoris
780 577 912 656 fovente.
957 577 1047 659 Quod
1059 578 1198 644 manime
1212 579 1335 658 factum

213 673 259 731 est
281 689 311 731 a.
332 671 565 747 1232—1235,
581 671 715 746 utraque
724 672 828 748 parte,
842 672 970 747 partem
979 666 1092 749 populi
1107 666 1336 732 adiuuantibus

219 754 489 835 Cremonensibus,
518 752 662 835 praviter
682 753 767 819 inter
789 776 822 820 se
851 755 1049 836 constipante.
1100 756 1190 838 Quod
1217 754 1335 837 (lodap-

213 844 331 908 nellum
353 849 428 907 tunc
450 843 543 907 rebus
570 842 667 924 pestis
689 842 865 908 scribendis
886 842 1113 909 inmmbentem
1136 844 1336 909 commouisse

213 931 346 1013 uidetur,
363 938 399 996 ut
412 931 559 1011 fabulam
574 933 612 996 de
628 931 777 1009 conflictu
793 931 930 996 militum
945 938 974 997 et
982 932 1097 1014 populi
1111 933 1177 998 iam
1195 954 1225 996 a.
1238 939 1334 997 1090.

213 1021 299 1100 facto
329 1027 531 1102 componeret.
578 1020 738 1085 Fabulam
768 1020 853 1085 enim
881 1042 946 1085 esse
976 1023 1060 1086 banc
1092 1021 1336 1087 narrationem1

214 1130 304 1174 nemo
326 1130 392 1173 non
414 1108 594 1191 perspicere
617 1115 728 1191 potest,
764 1109 819 1190 qui
835 1110 1041 1192 perpenderit
1064 1117 1176 1193 partes
1198 1110 1335 1174 militum

214 1204 244 1262 et
264 1198 373 1279 populi
394 1199 518 1263 saeculo
536 1197 602 1265 XI.
627 1205 757 1263 eaennte
778 1198 816 1262 in
839 1198 1020 1263 civitatibus
1043 1199 1172 1264 Italicis
1195 1201 1336 1264 nondum

214 1286 354 1352 extitisse
376 1288 423 1351 cel
446 1288 556 1352 saltem
579 1308 645 1351 non
666 1287 715 1352 ita
737 1288 896 1367 formatas
917 1287 1028 1368 fuisse,
1051 1294 1088 1352 ut
1105 1289 1208 1353 altera
1224 1294 1336 1352 contra

215 1376 350 1441 alteram
373 1378 410 1441 de
433 1375 587 1458 repimine
610 1374 748 1441 ciuitatis
771 1377 955 1441 contendere
971 1376 1134 1458 potuisset,
1166 1379 1249 1457 quod
1270 1399 1336 1441 sae·

215 1464 283 1529 culo
301 1463 413 1529 XIII.
429 1464 558 1529 ineunte
580 1464 618 1528 in
640 1464 748 1529 multis
771 1464 951 1529 ciuitatibus
973 1465 1094 1544 factum
1117 1472 1178 1546 est;
1201 1465 1256 1546 qui
1270 1471 1336 1529 tum

195 1553 393 1636 ‘capnooerit
426 1559 521 1618 totam
555 1554 639 1618 banc
668 1552 889 1618 narrationem
918 1554 1069 1633 refertam
1099 1575 1164 1619 esse
1193 1553 1337 1632 flosculis

108 1670 113 1683 ·
215 1641 372 1708 orationis
399 1641 677 1723 Godapnellianoe,
708 1663 784 1723 quos
814 1663 903 1706 nemo
933 1641 1000 1706 nisi
1028 1642 1096 1724 ipse
1128 1643 1336 1724 Codapnellus

215 1730 351 1796 scribere
375 1730 537 1812 potuisset,
573 1730 629 1812 qui
661 1752 747 1811 sane,
783 1730 851 1795 nisi
881 1732 919 1795 de
949 1731 1041 1794 rebus
1071 1753 1101 1796 a.
1122 1738 1216 1795 1090.
1239 1731 1336 1813 pestis

216 1819 373 1901 copiosam
402 1818 587 1883 relationem
616 1818 769 1900 scriptam
797 1818 977 1900 inuenisset,
1013 1827 1077 1884 tam
1107 1820 1269 1885 uberrima
1299 1823 1337 1885 de

215 1908 283 1973 illis
298 1910 391 1972 rebus
405 1908 527 1986 referre
542 1908 790 1989 baiidquaquam
801 1907 972 1990 potuisset;
994 1916 1107 1973 etcum
1127 1908 1337 1991 Oodapnellus

210 1997 389 2078 permultas
420 1996 505 2061 alias
533 1997 664 2076 fabulas
693 1995 909 2077 amplissimas
939 1999 975 2061 de
998 1999 1091 2083 rebus
1114 1997 1337 2062 Lombardicis

217 2084 360 2166 antiquis
384 2091 573 2150 commentus
595 2086 646 2167 sit,
671 2106 761 2150 nemo
791 2084 919 2167 nepabit
949 2086 1033 2150 banc
1056 2085 1152 2151 eliam
1174 2110 1244 2152 eum
1267 2108 1336 2151 eon-

215 2174 359 2255 sinnisse.
407 2175 484 2238 Non
507 2173 632 2255 quidem
655 2173 783 2238 omuino
806 2174 920 2255 nepari
942 2181 1045 2256 potest
1074 2175 1246 2257 quidquam
1269 2174 1337 2238 ocri

216 2264 291 2329 laic
313 2263 499 2328 narrationi
520 2264 633 2344 inesse,
658 2265 713 2328 sed
734 2263 789 2344 qni
805 2262 1003 2344 quaesiuerit,
1027 2263 1106 2346 quid
1120 2264 1188 2328 ocri
1203 2264 1233 2329 ei
1247 2264 1335 2342 insit,

216 2352 383 2418 historiam
412 2352 508 2417 etiam
537 2353 659 2418 Attilae
691 2373 798 2416 oerum
826 2374 842 2416 e
872 2352 1014 2417 carmine
1043 2352 1253 2433 Nibelunpico
1288 2373 1336 2416 ea-

216 2442 336 2507 tricare
345 2441 471 2523 poterit.
511 2440 753 2522 Imprudentins
768 2440 900 2505 editores
909 2441 1038 2522 priores
1048 2442 1140 2506 illam
1151 2442 1337 2506 relationem

217 2530 281 2595 alio
316 2531 381 2594 loco
416 2529 532 2595 codicis
562 2528 713 2593 Parisini
741 2528 892 2610 scriptam
922 2530 1107 2595 Annalibus
1139 2530 1338 2595 Placentinis

217 2619 307 2684 illius
335 2618 483 2699 temporis
513 2617 637 2698 eaipuis
666 2623 759 2698 atoue
782 2617 887 2683 aridis
908 2618 1155 2699 inculcaverant,
1181 2642 1202 2683 a
1224 2618 1338 2700 quibus

224 2706 433 2789 Codapnellus
456 2705 591 2787 procide
621 2727 691 2770 eam
717 2707 883 2787 separauit.
938 2709 1039 2788 Quam
1062 2714 1202 2788 repetens
1225 2709 1337 2772 Anna·

218 2795 301 2861 libas
320 2794 486 2875 praemisi.

325 2885 418 2948 Inter
446 2884 550 2963 fontes
573 2882 692 2947 Italiae
721 2883 896 2965 superioris
925 2884 1044 2950 saeculi
1076 2883 1165 2949 XII.
1197 2886 1338 2950 eaeuntis

218 2979 310 3055 atque
335 2972 448 3037 XIII.
472 2971 614 3036 ineuntis
630 2972 775 3053 primum
798 2974 898 3037 locum
918 2972 1103 3056 Oodapnelli
1121 2975 1267 3038 Annales
1291 2977 1339 3038 ob-

218 3063 327 3142 tinent,
341 3062 370 3126 si
382 3061 521 3144 neplepis
532 3062 679 3125 Annales
690 3061 869 3126 Iauuenses
880 3061 1033 3127 bistoriae
1045 3062 1186 3127 aliarum
1192 3063 1339 3144 partium

217 3152 317 3216 lucem
340 3151 518 3228 afferentes.
563 3149 625 3230 Qui
640 3150 787 3215 Annales
802 3151 986 3216 Placentini
1009 3153 1048 3215 ab
1073 3151 1338 3216 a.1031.²ordi-

219 3246 327 3319 untur,
352 3240 408 3303 sed
430 3241 469 3304 ab
493 3240 549 3304 boc
565 3259 651 3303 anno
666 3260 782 3321 mapno
799 3239 890 3304 biatu
906 3240 950 3304 ad
964 3263 994 3303 o.
1011 3246 1105 3305 1084.
1124 3240 1337 3306 transsiliunt.

219 3329 313 3394 Patet
347 3327 572 3409 (lodapnellum
607 3327 723 3393 abbinc
757 3329 892 3394 annales
926 3329 1124 3395 brevissimos
1154 3330 1339 3394 Placentiae

218 3419 302 3500 cpelo
330 3417 477 3498 paschali
510 3418 646 3496 sortasse
679 3417 857 3500 adscriptos
886 3418 1087 3500 exscripsisse
1098 3421 1119 3500 ³,
1155 3418 1338 3499 quibuscum

219 3664 245 3730 1)
264 3663 295 3717 P.
310 3665 392 3718 1-3.
411 3664 535 3714 editionis
553 3667 667 3716 nostrae.
752 3661 779 3730 2)
799 3663 834 3712 In
852 3662 935 3715 codice
957 3663 1062 3729 qnidam
1080 3669 1171 3715 nostro
1190 3662 1338 3716 Millesimo

218 3732 390 3800 duodecimo,
410 3736 507 3786 octavo
526 3731 591 3787 Kal.
611 3731 699 3785 Medii
723 3737 852 3800 scriptum
879 3740 925 3783 aut
951 3735 985 3784 ab
1002 3736 1060 3801 ipso
1080 3735 1236 3800 Codapncllo
1255 3743 1303 3786 aut
1321 3752 1338 3785 a

217 3806 306 3858 scriba
324 3811 480 3872 corruptum
504 3810 542 3856 est
564 3821 597 3856 ea
615 3802 764 3856 Millesimo
783 3802 891 3858 XXXI.
911 3803 1017 3856 decimo
1043 3809 1139 3856 octavo
1158 3803 1221 3858 Kal.
1241 3803 1337 3869 Madii,

217 3893 272 3944 quo
298 3877 402 3928 lectione
427 3892 505 3928 cerus
522 3892 612 3927 annus
631 3882 653 3926 ct
672 3892 749 3927 verus
767 3877 823 3927 dies
840 3879 882 3926 rei
898 3876 937 3927 ibi
951 3875 1050 3927 relatae
1067 3877 1232 3930 indicantur.
1265 3878 1339 3940 Quod

218 3948 323 4014 onmem
342 3950 461 4014 sequitur
479 3946 629 3999 indictione
647 3945 683 4000 X.
703 3962 775 3998 anno
794 3950 871 4001 1031.
891 3962 945 3998 non
969 3948 1117 4012 concordat,
1144 3963 1195 4013 quo
1221 3949 1278 4011 fuit
1296 3950 1338 3998 in-

217 4020 298 4070 dictio
310 4018 355 4069 XI
363 4019 391 4072 V.
483 4021 511 4084 3)
534 4018 609 4080 Quod
627 4033 685 4069 cum
706 4019 736 4069 G.
751 4018 787 4071 H.
801 4018 889 4083 Porta,
912 4017 1057 4070 ‘Abbandl
1076 4018 1100 4070 d.
1121 4019 1183 4083 Kpl.
1203 4019 1291 4071 Aliud.
1312 4020 1338 4072 d.

224 4090 302 4147 Wiss,
327 4105 363 4140 zu
381 4089 483 4154 Berlin,
510 4089 662 4142 Phil-bist.
690 4088 738 4142 Ol!
763 4091 840 4143 1853.
861 4104 891 4153 p.
912 4091 972 4144 506.
998 4093 1065 4139 recte
1088 4092 1231 4153 statuisset,
1256 4105 1339 4140 comcs

217 4161 389 4212 Pallastrelli
405 4161 589 4225 imprudenter
606 4162 711 4226 nepaoit
728 4177 754 4226 p.
768 4158 819 4212 XI.
839 4160 942 4210 dicens:
962 4159 1099 4211 ‘Oronicbc
1124 4175 1139 4211 o
1158 4161 1263 4212 Annali
1276 4162 1338 4227 pia-

217 4233 316 4283 ccntini
334 4231 387 4298 piii
406 4231 508 4283 antichi
524 4233 555 4282 di
571 4231 629 4298 que'
647 4231 689 4283 dcl
707 4230 864 4294 Codapuello
888 4245 942 4281 non
966 4233 1136 4296 conosciamo,
1158 4231 1190 4282 nb
1207 4234 1233 4282 ci
1249 4231 1262 4282 i
1279 4237 1339 4282 noto

216 4304 263 4355 obe
280 4303 401 4367 fosscro’,
419 4303 575 4369 simpliciter
593 4305 724 4368 ipnorons
743 4301 790 4352 boc
808 4303 925 4365 aopnosci
937 4316 1016 4367 posse
1033 4316 1088 4352 non
1104 4302 1179 4354 inodo
1191 4319 1224 4354 ca
1237 4302 1337 4367 Codap·

218 4374 284 4426 nelli
301 4374 464 4438 Annalibus,
482 4375 527 4425 scd
544 4381 568 4425 et
587 4390 620 4424 en
637 4372 829 4441 posterioribus
846 4372 978 4424 cbrmicis
996 4372 1165 4426 Placmtinis.
