2962 4936
238 406 271 459 16
397 401 586 457 IOHANNIS
606 400 853 455 CODAGNELLI
871 400 1051 455 ANNALES
1068 402 1104 458 A.
1119 405 1197 459 1188.

142 592 217 645 1188.
237 586 365 650 intorio
387 585 482 648 illius
506 585 625 661 castri;
649 587 685 648 et
706 585 744 646 in
766 584 828 648 illo
847 589 1022 668 tempore⁸
1042 585 1145 650 Ozole
1161 585 1358 649 levabatur.

238 675 284 737 Et
313 678 397 738 tunc
427 674 496 736 fuit
528 673 693 737 maximus
724 694 841 738 rumor
873 678 908 737 et
932 674 1028 737 dolor
1057 695 1119 757 per
1141 677 1253 738 totam
1277 674 1359 738 civi·

239 766 357 837 tatem,
376 766 411 826 et
424 783 465 825 ex
480 762 542 826 illo
556 783 690 826 rumore
704 766 739 826 et
757 763 873 826 dolore
885 763 1080 826 Placentini
1096 764 1260 827 commoti
1275 783 1358 845 qua·

113 874 220 916 aare.
239 853 319 914 dam
343 852 397 915 die
413 851 576 915 Mercurii
600 845 764 934 proximib
792 872 917 934 magna
940 873 1018 935 pars
1042 873 1159 916 eorum
1180 872 1215 916 se
1231 852 1359 914 coadu-

238 944 409 1003 naverunt
432 941 524 1024 apud
548 940 727 1004 ecclesiam
751 943 868 1004 sancte
887 941 995 1005 Marie
1016 941 1058 1005 de
1074 939 1225 1024 Templo,
1251 945 1287 1004 et
1306 940 1358 1004 ibi
1380 962 1394 1000 s

239 1028 350 1092 multa
373 1033 587 1093 sacramenta
615 1031 657 1093 de
690 1032 862 1113 potestate
886 1030 1045 1093 habenda
1067 1029 1226 1094 fecerunt
1249 1031 1357 1112 atque

239 1117 468 1181 Albcrtonum
499 1119 540 1182 de
563 1118 704 1193 Andito,
729 1118 930 1182 Albizonem
958 1122 993 1182 et
1015 1118 1295 1182 Mazaburrinnm
1318 1118 1358 1181 in

110 1229 174 1268 aaa.
186 1229 221 1268 11.
238 1210 388 1270 rectores
412 1211 640 1290 sumpserunt.
688 1207 767 1270 Alio
797 1207 853 1271 die
884 1209 1040 1290 sequenti
1064 1207 1211 1291 predicti
1233 1205 1357 1270 Alber-

238 1299 341 1358 tonus
365 1299 400 1359 et
423 1297 507 1360 socii
530 1297 726 1360 contionem
748 1296 917 1370 fecerunt,
948 1299 983 1360 et
1013 1297 1169 1360 homines
1198 1295 1247 1359 ibi
1279 1316 1357 1359 con·

240 1384 328 1447 soilii
361 1384 539 1449 Placentia
578 1388 613 1448 et
652 1385 809 1448 consules
847 1385 1034 1448 offitiorum
1074 1388 1110 1449 et
1148 1385 1355 1449 societatum
1376 1407 1402 1444 ιο

238 1473 351 1538 iurare
369 1474 538 1551 fecerunt,
564 1478 600 1538 et
623 1474 762 1537 duravit
783 1473 846 1535 illa
869 1475 984 1537 contio
1004 1474 1146 1537 cottidie
1162 1492 1223 1556 per
1237 1476 1356 1535 totum

239 1563 340 1627 diem.
387 1563 463 1626 Hoc
491 1564 542 1625 ita
571 1562 666 1626 facto
697 1565 732 1626 et
762 1563 920 1626 ordinato
944 1563 1119 1646 predictus
1142 1560 1357 1624 Albertonus

134 1671 220 1718 ‘nna
239 1655 274 1716 et
304 1652 473 1715 sociorum
497 1672 637 1714 suorum
659 1651 840 1716 voluntate
864 1650 914 1715 *et
943 1651 1096 1714 omnium
1120 1650 1356 1734 predictorum

237 1740 367 1804 ibidem
384 1740 559 1804 dominum
577 1740 742 1804 Iacobum
758 1736 964 1803 Main‘erium
987 1741 1022 1802 in
1048 1741 1219 1822 potestate
1235 1737 1355 1822 elegit.

284 1863 478 1928 Laudemus
495 1863 681 1939 Christum,
728 1864 895 1927 mundum
917 1864 977 1946 qui
1000 1864 1155 1927 condidit
1177 1864 1293 1943 istum,
1377 1885 1402 1924 rs

285 1952 352 2030 Qui
374 1954 464 2035 regit
487 1953 685 2017 instabilem
731 1953 855 2016 divinis
878 1952 1012 2036 legibus
1036 1952 1162 2029 orbem,

285 2041 352 2119 Qui
376 2062 500 2124 pronos
524 2042 664 2118 donat0,
711 2041 859 2105 famulos
884 2045 1086 2124 sanctosque
1110 2044 1261 2119 coronat,

285 2129 419 2213 Quique
442 2131 654 2194 Placentinis
700 2130 822 2194 animis
846 2134 881 2194 et
905 2151 1046 2213 corpore
1070 2129 1170 2193 claris

255 2220 429 2284 sVincere
453 2220 603 2296 donavit,
650 2220 850 2283 Parmenses
874 2219 1025 2301 undiquc
1049 2218 1181 2281 stravit.

284 2308 349 2372 Mc
373 2304 578 2373 currebantd
605 2308 707 2372 simul
729 2313 807 2372 octo
831 2308 886 2371 vel
909 2308 1119 2391 octuaginta,

132 2419 176 2462 zur.
187 2420 220 2458 11.
284 2398 510 2462 Undecimum
534 2397 645 2461 Iulius
691 2397 802 2462 lucem
828 2396 1024 2461 celebrabat
1048 2396 1190 2479 opimus,

284 2487 414 2550 Indicti
437 2490 552 2551 sextus
596 2487 713 2550 fuerat
735 2489 819 2549 tunc
842 2486 1005 2568 temporis
1029 2507 1149 2562 annus,

239 2643 242 2647 ,
286 2573 430 2652 Quando
454 2575 663 2650 Parmenses‚
711 2594 795 2655 quos
818 2596 1005 2658 numquam
1029 2575 1128 2638 crede
1152 2577 1323 2657 potentes,

241 2684 266 2722 10
286 2662 432 2728 Collecti
456 2664 547 2728 bello
592 2666 761 2727 venerunt
785 2684 861 2726 cum
885 2663 1058 2728 Muruello

285 2752 443 2817 Vallibus
466 2753 503 2815 in
526 2753 632 2816 Tare⁰
683 2752 889 2827 subvertere,
915 2752 1102 2816 dilacerare

285 2841 408 2906 Turres
431 2844 592 2916 muratas,
640 2841 719 2905 edes
744 2840 962 2923 castellaque,
986 2840 1095 2903 villas.

285 2929 412 2994 Verum
436 2933 619 3014 protector,
666 2932 859 2992 nostrorum
883 2929 1028 2992 maxime
1050 2931 1172 3002 rector,

286 3018 395 3082 Corde
420 3018 640 3082 Placentinos
686 3019 806 3093 armat,
831 3018 909 3100 quia
935 3017 1051 3100 diligit
1072 3018 1173 3099 ipsos,

240 3127 266 3166 1⁶
284 3108 399 3189 Atque
422 3108 511 3171 vires
534 3108 664 3191 prebet,
711 3106 911 3170 Parmenses
935 3110 975 3169 ut
999 3107 1067 3169 cito
1091 3107 1197 3168 sedet.

285 3196 329 3258 In
352 3197 480 3260 bellum
506 3196 610 3269 ducit,
657 3197 802 3259 victores
825 3196 906 3260 inde
930 3195 1074 3258 reducit.

284 3285 414 3349 Taliter
437 3285 570 3359 armati,
615 3284 694 3347 telis
719 3284 907 3366 animisque
931 3285 1052 3367 parati,

285 3374 412 3437 Hostes
439 3365 657 3456 infringuntf
706 3394 745 3436 ac
767 3374 859 3456 ipsos
883 3373 1034 3455 undique
1059 3373 1238 3454 cinguntg.

286 3463 333 3525 Ut
355 3464 464 3526 fortes
487 3464 652 3545 pugnant,
699 3462 855 3524 inimicos
878 3462 1030 3543 undique
1054 3462 1200 3536 sulcant,

240 3571 266 3610 so
285 3551 330 3613 Et
355 3553 496 3634 capiunt
519 3553 643 3627 tantos,
691 3551 782 3633 quod
805 3551 919 3614 nescio
944 3551 1056 3614 dicere
1081 3554 1236 3633 quantos.

285 3639 398 3704 *Inter
421 3640 614 3703 confractas
661 3640 766 3703 acties
790 3643 860 3715 tua,
885 3640 1017 3714 Parma,
1042 3638 1218 3722 potestasl
1375 3659 1403 3697 as

283 3729 478 3804 Prenditur‚
504 3720 706 3802 adteriturh‚
755 3728 936 3792 deducitur
959 3749 998 3791 ac
1020 3729 1200 3804 retinetur,
1377 3715 1465 3765 *Μ’

239 3908 262 3964 s)
277 3915 374 3949 castrum
388 3911 431 3957 (nel
446 3911 523 3960 turris)
536 3912 676 3960 supplendum
691 3921 734 3948 esse
747 3911 838 3950 aldana.
893 3910 916 3957 b)
930 3910 1030 3957 proxima
1045 3911 1162 3957 leuandum,
1217 3907 1237 3960 c)
1258 3907 1313 3949 dost
1326 3922 1354 3960 a,

239 3965 297 4013 quod
316 3965 379 4002 Perta
398 3965 471 4004 domat
493 3965 549 4012 lenit.
577 3965 618 4003 Sed
636 3975 683 4002 cum
704 3965 750 4002 voci
770 3973 888 4011 pronorum
908 3963 941 4000 uls
955 3963 1035 4000 Italica
1052 3966 1142 4012 (prono)
1160 3964 1227 4001 lncsss
1245 3964 1354 4013 ctdealur,

239 4018 309 4056 malui
322 4020 379 4067 quod
393 4018 472 4061 Η,-Βν.
485 4018 578 4067 scripsit.
633 4015 656 4065 d)
670 4017 793 4064 emendant·
807 4016 961 4055 Eccurrebsnt
970 4027 997 4066 c.;
1012 4016 1070 4055 Ecce
1085 4018 1205 4056 currebant
1218 4017 1355 4065 Bahman»,-

239 4071 275 4110 En
290 4073 437 4112 occurrebant
450 4073 530 4110 H.·Br.
538 4086 546 4119 ,·
559 4074 656 4120 sequente
669 4070 734 4109 simul
748 4073 840 4118 apparet
853 4070 905 4108 haee
918 4070 975 4115 falso
990 4071 1106 4108 contectato
1120 4080 1169 4112 esse.
1194 4071 1223 4108 At
1234 4080 1267 4108 ma
1278 4075 1354 4119 nuova,
1373 4065 1404 4102 40

239 4126 295 4174 quod
309 4125 344 4163 luto
356 4127 416 4164 solus
429 4136 502 4164 versus
515 4125 601 4163 sillabis
614 4124 712 4163 consonis
726 4127 807 4161 eareat.
867 4121 889 4175 e)
906 4123 961 4163 Vall.
976 4124 1047 4162 vitare
1062 4135 1079 4160 c.
1095 4124 1231 4161 Placentinos
1244 4123 1282 4161 hoa
1296 4135 1355 4162 anno

240 4178 370 4217 diurnalium
388 4184 408 4217 et
421 4179 548 4217 Parmenses
565 4179 589 4216 in
606 4178 663 4216 calle
678 4177 740 4215 Tarll
757 4176 832 4215 alsisse
848 4178 916 4224 refert
935 4177 984 4217 Ich.
1000 4177 1026 4214 dc
1044 4176 1130 4218 Musss's.
1144 4178 1213 4217 Perta.
1281 4178 1301 4223 f)
1321 4177 1355 4215 in-

239 4231 325 4280 nigunr
337 4243 354 4274 c.
407 4234 429 4280 g)
448 4232 569 4279 emendant·
584 4231 673 4278 tingunt
686 4241 703 4273 o.
757 4226 781 4283 h)
795 4228 897 4269 adrerrur
910 4241 929 4269 a.

241 4372 267 4439 1)
289 4373 455 4425 Palavicinus
472 4375 503 4426 da
521 4373 686 4436 Palavicinls,
705 4374 775 4425 Anu.
795 4372 886 4430 Parm,
905 4374 978 4435 nuci„
998 4372 1045 4424 SS.
1064 4370 1173 4435 XVIII,
1190 4388 1217 4437 p.
1232 4371 1291 4424 665.
