<?xml version="1.0" encoding="UTF-8"?>
<!DOCTYPE html PUBLIC "-//W3C//DTD XHTML 1.0 Transitional//EN"
    "http://www.w3.org/TR/xhtml1/DTD/xhtml1-transitional.dtd">
<html xmlns="http://www.w3.org/1999/xhtml" xml:lang="en" lang="en">
 <head>
  <title>
</title>
<meta http-equiv="Content-Type" content="text/html;charset=utf-8" />
  <meta name='ocr-system' content='tesseract 3.04.00' />
  <meta name='ocr-capabilities' content='ocr_page ocr_carea ocr_par ocr_line ocrx_word'/>
</head>
<body>
  <div class='ocr_page' id='page_1' title='image "./iohanniscodagne00codagoog_0014.png"; bbox 0 0 2962 4936; ppageno 0'>
   <div class='ocr_carea' id='block_1_1' title="bbox 529 1418 906 1504">
    <p class='ocr_par' dir='ltr' id='par_1_1' title="bbox 529 1418 906 1504">
     <span class='ocr_line' id='line_1_1' title="bbox 529 1418 906 1504; baseline 0.005 -4"><span class='ocrx_word' id='word_1_1' title='bbox 529 1419 782 1502; x_wconf 77' lang='lat' dir='ltr'><em>PRAEPA</em></span> <span class='ocrx_word' id='word_1_2' title='bbox 791 1421 856 1502; x_wconf 86' lang='lat' dir='ltr'><em>TI</em></span> <span class='ocrx_word' id='word_1_3' title='bbox 858 1418 906 1504; x_wconf 88' lang='lat'><em>0.</em></span> 
     </span>
    </p>
   </div>
   <div class='ocr_carea' id='block_1_2' title="bbox 150 1632 1277 2959">
    <p class='ocr_par' dir='ltr' id='par_1_2' title="bbox 150 1632 1277 2959">
     <span class='ocr_line' id='line_1_2' title="bbox 263 1632 1277 1719; baseline 0 -23"><span class='ocrx_word' id='word_1_4' title='bbox 263 1632 442 1699; x_wconf 75' lang='lat' dir='ltr'><strong><em>Iohannem</em></strong></span> <span class='ocrx_word' id='word_1_5' title='bbox 464 1633 689 1719; x_wconf 71' lang='lat' dir='ltr'><em>Oodaynellum</em></span> <span class='ocrx_word' id='word_1_6' title='bbox 707 1643 865 1703; x_wconf 79' lang='lat' dir='ltr'><em>auctorem</em></span> <span class='ocrx_word' id='word_1_7' title='bbox 886 1634 987 1716; x_wconf 85' lang='lat' dir='ltr'><em>fuisse</em></span> <span class='ocrx_word' id='word_1_8' title='bbox 1003 1632 1184 1698; x_wconf 76' lang='lat' dir='ltr'><em>Annalium</em></span> <span class='ocrx_word' id='word_1_9' title='bbox 1199 1632 1277 1697; x_wconf 92' lang='lat' dir='ltr'><em>Pla·</em></span> 
     </span>
     <span class='ocr_line' id='line_1_3' title="bbox 156 1720 1275 1809; baseline -0.003 -22"><span class='ocrx_word' id='word_1_10' title='bbox 156 1720 353 1787; x_wconf 89' lang='lat' dir='ltr'><em>centinorum</em></span> <span class='ocrx_word' id='word_1_11' title='bbox 380 1722 568 1804; x_wconf 82' lang='lat' dir='ltr'><em>Guelforum</em></span> <span class='ocrx_word' id='word_1_12' title='bbox 590 1727 747 1809; x_wconf 80' lang='lat' dir='ltr'><em>hucusque</em></span> <span class='ocrx_word' id='word_1_13' title='bbox 776 1726 812 1791; x_wconf 94' lang='lat' dir='ltr'><em>in</em></span> <span class='ocrx_word' id='word_1_14' title='bbox 836 1724 950 1808; x_wconf 79' lang='lat' dir='ltr'><em>patria</em></span> <span class='ocrx_word' id='word_1_15' title='bbox 979 1729 1089 1788; x_wconf 88' lang='lat' dir='ltr'><em>nostra</em></span> <span class='ocrx_word' id='word_1_16' title='bbox 1120 1721 1275 1786; x_wconf 93' lang='lat' dir='ltr'><em>dictorum</em></span> 
     </span>
     <span class='ocr_line' id='line_1_4' title="bbox 156 1809 1272 1898; baseline 0 -24"><span class='ocrx_word' id='word_1_17' title='bbox 156 1811 183 1874; x_wconf 98' lang='lat' dir='ltr'><em>I</em></span> <span class='ocrx_word' id='word_1_18' title='bbox 181 1858 188 1872; x_wconf 92' lang='lat'><strong>.</strong></span> <span class='ocrx_word' id='word_1_19' title='bbox 205 1811 245 1874; x_wconf 88' lang='lat' dir='ltr'><em>L.</em></span> <span class='ocrx_word' id='word_1_20' title='bbox 262 1810 304 1874; x_wconf 89' lang='lat' dir='ltr'><em>A.</em></span> <span class='ocrx_word' id='word_1_21' title='bbox 321 1810 677 1897; x_wconf 86' lang='lat' dir='ltr'><em>Huillurd·Briholles,</em></span> <span class='ocrx_word' id='word_1_22' title='bbox 701 1814 757 1898; x_wconf 81' lang='lat' dir='ltr'><em>qui</em></span> <span class='ocrx_word' id='word_1_23' title='bbox 774 1814 903 1896; x_wconf 77' lang='lat' dir='ltr'><em>primus</em></span> <span class='ocrx_word' id='word_1_24' title='bbox 918 1834 969 1878; x_wconf 89' lang='lat' dir='ltr'><em>eos</em></span> <span class='ocrx_word' id='word_1_25' title='bbox 984 1810 1091 1893; x_wconf 79' lang='lat' dir='ltr'><em>edidit,</em></span> <span class='ocrx_word' id='word_1_26' title='bbox 1112 1809 1244 1875; x_wconf 87' lang='lat' dir='ltr'><em>coniecit</em></span> <span class='ocrx_word' id='word_1_27' title='bbox 1252 1810 1272 1891; x_wconf 81' lang='lat'><em>1,</em></span> 
     </span>
     <span class='ocr_line' id='line_1_5' title="bbox 156 1898 1275 1978; baseline -0.002 -14"><span class='ocrx_word' id='word_1_28' title='bbox 156 1900 232 1964; x_wconf 85' lang='lat' dir='ltr'><em>lenc</em></span> <span class='ocrx_word' id='word_1_29' title='bbox 253 1906 345 1964; x_wconf 92' lang='lat' dir='ltr'><em>ratus</em></span> <span class='ocrx_word' id='word_1_30' title='bbox 363 1905 460 1965; x_wconf 93' lang='lat' dir='ltr'><em>totam</em></span> <span class='ocrx_word' id='word_1_31' title='bbox 477 1903 684 1970; x_wconf 75' lang='lat' dir='ltr'><em>collectionem</em></span> <span class='ocrx_word' id='word_1_32' title='bbox 707 1903 892 1969; x_wconf 78' lang='lat' dir='ltr'><em>historicam</em></span> <span class='ocrx_word' id='word_1_33' title='bbox 915 1900 991 1967; x_wconf 84' lang='lat' dir='ltr'><em>libri</em></span> <span class='ocrx_word' id='word_1_34' title='bbox 1009 1898 1158 1965; x_wconf 88' lang='lat' dir='ltr'><em>Parisini</em></span> <span class='ocrx_word' id='word_1_35' title='bbox 1180 1898 1275 1978; x_wconf 76' lang='lat' dir='ltr'><em>infra</em></span> 
     </span>
     <span class='ocr_line' id='line_1_6' title="bbox 156 1986 1274 2074; baseline 0 -23"><span class='ocrx_word' id='word_1_36' title='bbox 156 1987 284 2052; x_wconf 92' lang='lat' dir='ltr'><em>dicendi</em></span> <span class='ocrx_word' id='word_1_37' title='bbox 306 1990 346 2053; x_wconf 86' lang='lat' dir='ltr'><em>oh</em></span> <span class='ocrx_word' id='word_1_38' title='bbox 369 1988 424 2053; x_wconf 90' lang='lat' dir='ltr'><em>illo</em></span> <span class='ocrx_word' id='word_1_39' title='bbox 447 2012 512 2056; x_wconf 89' lang='lat' dir='ltr'><em>esse</em></span> <span class='ocrx_word' id='word_1_40' title='bbox 534 1993 754 2074; x_wconf 63' lang='lat' dir='ltr'><em>compositam</em></span> <span class='ocrx_word' id='word_1_41' title='bbox 784 1993 867 2074; x_wconf 80' lang='lat' dir='ltr'><em>quod</em></span> <span class='ocrx_word' id='word_1_42' title='bbox 888 1998 923 2056; x_wconf 93' lang='lat' dir='ltr'><em>ut</em></span> <span class='ocrx_word' id='word_1_43' title='bbox 944 1989 1056 2055; x_wconf 91' lang='lat' dir='ltr'><em>solidis</em></span> <span class='ocrx_word' id='word_1_44' title='bbox 1079 1986 1274 2070; x_wconf 72' lang='lat' dir='ltr'><em>araumentis</em></span> 
     </span>
     <span class='ocr_line' id='line_1_7' title="bbox 156 2076 1274 2160; baseline 0 -20"><span class='ocrx_word' id='word_1_45' title='bbox 156 2079 378 2159; x_wconf 73' lang='lat' dir='ltr'><em>comprobaret,</em></span> <span class='ocrx_word' id='word_1_46' title='bbox 402 2080 523 2145; x_wconf 90' lang='lat' dir='ltr'><em>studuit</em></span> <span class='ocrx_word' id='word_1_47' title='bbox 536 2081 578 2145; x_wconf 89' lang='lat' dir='ltr'><em>B.</em></span> <span class='ocrx_word' id='word_1_48' title='bbox 596 2103 695 2147; x_wconf 90' lang='lat' dir='ltr'><em>comes</em></span> <span class='ocrx_word' id='word_1_49' title='bbox 710 2080 895 2146; x_wconf 92' lang='lat' dir='ltr'><em>Pallastrcll</em></span> <span class='ocrx_word' id='word_1_50' title='bbox 903 2080 908 2091; x_wconf 91' lang='lat'><em>&#39;</em></span> <span class='ocrx_word' id='word_1_51' title='bbox 918 2081 938 2160; x_wconf 79' lang='lat'><em>²,</em></span> <span class='ocrx_word' id='word_1_52' title='bbox 962 2078 1015 2143; x_wconf 89' lang='lat' dir='ltr'><em>uir</em></span> <span class='ocrx_word' id='word_1_53' title='bbox 1029 2099 1113 2142; x_wconf 88' lang='lat' dir='ltr'><em>sana</em></span> <span class='ocrx_word' id='word_1_54' title='bbox 1128 2076 1274 2141; x_wconf 92' lang='lat' dir='ltr'><em>doctrina</em></span> 
     </span>
     <span class='ocr_line' id='line_1_8' title="bbox 156 2163 1275 2251; baseline -0.001 -22"><span class='ocrx_word' id='word_1_55' title='bbox 156 2165 237 2230; x_wconf 92' lang='lat' dir='ltr'><em>satis</em></span> <span class='ocrx_word' id='word_1_56' title='bbox 269 2165 452 2250; x_wconf 86' lang='lat' dir='ltr'><em>instructus,</em></span> <span class='ocrx_word' id='word_1_57' title='bbox 487 2169 542 2251; x_wconf 80' lang='lat' dir='ltr'><em>qui</em></span> <span class='ocrx_word' id='word_1_58' title='bbox 575 2170 708 2235; x_wconf 89' lang='lat' dir='ltr'><em>editioni</em></span> <span class='ocrx_word' id='word_1_59' title='bbox 740 2169 805 2234; x_wconf 91' lang='lat' dir='ltr'><em>oiri</em></span> <span class='ocrx_word' id='word_1_60' title='bbox 835 2166 1007 2233; x_wconf 90' lang='lat' dir='ltr'><em>doctissimi</em></span> <span class='ocrx_word' id='word_1_61' title='bbox 1033 2163 1275 2246; x_wconf 77' lang='lat' dir='ltr'><em>Francoyollioi</em></span> 
     </span>
     <span class='ocr_line' id='line_1_9' title="bbox 155 2252 1274 2340; baseline -0.002 -23"><span class='ocrx_word' id='word_1_62' title='bbox 155 2274 285 2319; x_wconf 88' lang='lat' dir='ltr'><em>recusae</em></span> <span class='ocrx_word' id='word_1_63' title='bbox 318 2277 432 2320; x_wconf 93' lang='lat' dir='ltr'><em>nomen</em></span> <span class='ocrx_word' id='word_1_64' title='bbox 465 2257 626 2322; x_wconf 77' lang='lat' dir='ltr'><em>Iohannis</em></span> <span class='ocrx_word' id='word_1_65' title='bbox 665 2257 849 2340; x_wconf 74' lang='lat' dir='ltr'><em>Godaquelli</em></span> <span class='ocrx_word' id='word_1_66' title='bbox 883 2254 1023 2321; x_wconf 88' lang='lat' dir='ltr'><em>auctoris</em></span> <span class='ocrx_word' id='word_1_67' title='bbox 1057 2253 1170 2334; x_wconf 78' lang='lat' dir='ltr'><em>optimo</em></span> <span class='ocrx_word' id='word_1_68' title='bbox 1204 2252 1274 2316; x_wconf 91' lang='lat' dir='ltr'><em>iure</em></span> 
     </span>
     <span class='ocr_line' id='line_1_10' title="bbox 150 2341 1272 2428; baseline -0.002 -22"><span class='ocrx_word' id='word_1_69' title='bbox 150 2343 317 2424; x_wconf 72' lang='lat' dir='ltr'><em>praefinit.</em></span> <span class='ocrx_word' id='word_1_70' title='bbox 348 2344 394 2408; x_wconf 89' lang='lat' dir='ltr'><em>At</em></span> <span class='ocrx_word' id='word_1_71' title='bbox 410 2347 563 2410; x_wconf 91' lang='lat' dir='ltr'><em>audacter</em></span> <span class='ocrx_word' id='word_1_72' title='bbox 580 2347 636 2411; x_wconf 95' lang='lat' dir='ltr'><em>hoc</em></span> <span class='ocrx_word' id='word_1_73' title='bbox 654 2346 782 2428; x_wconf 75' lang='lat' dir='ltr'><em>neyaoit</em></span> <span class='ocrx_word' id='word_1_74' title='bbox 796 2341 1140 2425; x_wconf 71' lang='lat' dir='ltr'><em>GeoryiusHeinrious</em></span> <span class='ocrx_word' id='word_1_75' title='bbox 1149 2341 1272 2422; x_wconf 63' lang='lat' dir='ltr'><em>Pertci,</em></span> 
     </span>
     <span class='ocr_line' id='line_1_11' title="bbox 157 2429 1275 2517; baseline -0.004 -21"><span class='ocrx_word' id='word_1_76' title='bbox 157 2451 227 2496; x_wconf 92' lang='lat' dir='ltr'><em>cum</em></span> <span class='ocrx_word' id='word_1_77' title='bbox 251 2431 362 2496; x_wconf 89' lang='lat' dir='ltr'><em>tertius</em></span> <span class='ocrx_word' id='word_1_78' title='bbox 380 2433 436 2496; x_wconf 91' lang='lat' dir='ltr'><em>hos</em></span> <span class='ocrx_word' id='word_1_79' title='bbox 458 2435 594 2499; x_wconf 90' lang='lat' dir='ltr'><em>annales</em></span> <span class='ocrx_word' id='word_1_80' title='bbox 617 2437 727 2517; x_wconf 89' lang='lat' dir='ltr'><em>ederet,</em></span> <span class='ocrx_word' id='word_1_81' title='bbox 752 2434 840 2499; x_wconf 91' lang='lat' dir='ltr'><em>nulla</em></span> <span class='ocrx_word' id='word_1_82' title='bbox 857 2454 941 2498; x_wconf 90' lang='lat' dir='ltr'><em>sana</em></span> <span class='ocrx_word' id='word_1_83' title='bbox 955 2430 1080 2496; x_wconf 92' lang='lat' dir='ltr'><em>ratione</em></span> <span class='ocrx_word' id='word_1_84' title='bbox 1095 2429 1194 2507; x_wconf 87' lang='lat' dir='ltr'><em>nisus,</em></span> <span class='ocrx_word' id='word_1_85' title='bbox 1219 2430 1275 2493; x_wconf 93' lang='lat' dir='ltr'><em>sed</em></span> 
     </span>
     <span class='ocr_line' id='line_1_12' title="bbox 156 2517 1272 2605; baseline -0.002 -22"><span class='ocrx_word' id='word_1_86' title='bbox 156 2520 300 2601; x_wconf 79' lang='lat' dir='ltr'><em>deceptus</em></span> <span class='ocrx_word' id='word_1_87' title='bbox 327 2521 422 2602; x_wconf 71' lang='lat' dir='ltr'><em>oraui</em></span> <span class='ocrx_word' id='word_1_88' title='bbox 449 2543 565 2605; x_wconf 83' lang='lat' dir='ltr'><em>errme,</em></span> <span class='ocrx_word' id='word_1_89' title='bbox 597 2545 666 2589; x_wconf 92' lang='lat' dir='ltr'><em>cum</em></span> <span class='ocrx_word' id='word_1_90' title='bbox 696 2523 812 2588; x_wconf 82' lang='lat' dir='ltr'><em>librum</em></span> <span class='ocrx_word' id='word_1_91' title='bbox 842 2521 921 2587; x_wconf 88' lang='lat' dir='ltr'><em>ciuis</em></span> <span class='ocrx_word' id='word_1_92' title='bbox 950 2517 1206 2585; x_wconf 87' lang='lat' dir='ltr'><em>Mediolanensis</em></span> <span class='ocrx_word' id='word_1_93' title='bbox 1235 2519 1272 2581; x_wconf 93' lang='lat' dir='ltr'><em>de</em></span> 
     </span>
     <span class='ocr_line' id='line_1_13' title="bbox 155 2607 1272 2694; baseline -0.003 -20"><span class='ocrx_word' id='word_1_94' title='bbox 155 2609 248 2674; x_wconf 83' lang='lat' dir='ltr'><em>relus</em></span> <span class='ocrx_word' id='word_1_95' title='bbox 263 2609 429 2675; x_wconf 87' lang='lat' dir='ltr'><em>Friderici</em></span> <span class='ocrx_word' id='word_1_96' title='bbox 445 2611 476 2675; x_wconf 88' lang='lat' dir='ltr'><em>I.</em></span> <span class='ocrx_word' id='word_1_97' title='bbox 499 2611 704 2694; x_wconf 77' lang='lat' dir='ltr'><em>imperatoris</em></span> <span class='ocrx_word' id='word_1_98' title='bbox 725 2612 763 2677; x_wconf 94' lang='lat' dir='ltr'><em>in</em></span> <span class='ocrx_word' id='word_1_99' title='bbox 778 2609 976 2677; x_wconf 86' lang='lat' dir='ltr'><em>Lomhardiu</em></span> <span class='ocrx_word' id='word_1_100' title='bbox 996 2607 1093 2691; x_wconf 70' lang='lat' dir='ltr'><em>uestis</em></span> <span class='ocrx_word' id='word_1_101' title='bbox 1115 2607 1151 2672; x_wconf 93' lang='lat' dir='ltr'><em>in</em></span> <span class='ocrx_word' id='word_1_102' title='bbox 1170 2607 1272 2672; x_wconf 88' lang='lat' dir='ltr'><em>collec-</em></span> 
     </span>
     <span class='ocr_line' id='line_1_14' title="bbox 155 2695 1273 2783; baseline -0.001 -22"><span class='ocrx_word' id='word_1_103' title='bbox 155 2697 241 2762; x_wconf 91' lang='lat' dir='ltr'><em>tione</em></span> <span class='ocrx_word' id='word_1_104' title='bbox 269 2698 431 2764; x_wconf 74' lang='lat' dir='ltr'><em>Iohannis</em></span> <span class='ocrx_word' id='word_1_105' title='bbox 458 2698 644 2783; x_wconf 75' lang='lat' dir='ltr'><em>Oodaynelli</em></span> <span class='ocrx_word' id='word_1_106' title='bbox 676 2703 758 2766; x_wconf 91' lang='lat' dir='ltr'><em>male</em></span> <span class='ocrx_word' id='word_1_107' title='bbox 793 2705 997 2765; x_wconf 89' lang='lat' dir='ltr'><em>retractatum</em></span> <span class='ocrx_word' id='word_1_108' title='bbox 1031 2703 1060 2762; x_wconf 92' lang='lat' dir='ltr'><em>et</em></span> <span class='ocrx_word' id='word_1_109' title='bbox 1093 2695 1273 2763; x_wconf 84' lang='lat' dir='ltr'><em>commentis</em></span> 
     </span>
     <span class='ocr_line' id='line_1_15' title="bbox 156 2786 1273 2873; baseline -0.004 -21"><span class='ocrx_word' id='word_1_110' title='bbox 156 2787 272 2868; x_wconf 79' lang='lat' dir='ltr'><em>amplis</em></span> <span class='ocrx_word' id='word_1_111' title='bbox 290 2794 417 2853; x_wconf 92' lang='lat' dir='ltr'><em>auctum</em></span> <span class='ocrx_word' id='word_1_112' title='bbox 435 2809 500 2854; x_wconf 94' lang='lat' dir='ltr'><em>esse</em></span> <span class='ocrx_word' id='word_1_113' title='bbox 518 2811 583 2854; x_wconf 94' lang='lat' dir='ltr'><em>non</em></span> <span class='ocrx_word' id='word_1_114' title='bbox 600 2790 812 2873; x_wconf 70' lang='lat' dir='ltr'><em>perspexisset</em></span> <span class='ocrx_word' id='word_1_115' title='bbox 820 2791 841 2870; x_wconf 75' lang='lat'><em>⁴²,</em></span> <span class='ocrx_word' id='word_1_116' title='bbox 866 2790 921 2853; x_wconf 90' lang='lat' dir='ltr'><em>sed</em></span> <span class='ocrx_word' id='word_1_117' title='bbox 942 2786 1010 2852; x_wconf 87' lang='lat' dir='ltr'><em>eius</em></span> <span class='ocrx_word' id='word_1_118' title='bbox 1034 2792 1151 2851; x_wconf 86' lang='lat' dir='ltr'><em>tentum</em></span> <span class='ocrx_word' id='word_1_119' title='bbox 1164 2805 1273 2849; x_wconf 91' lang='lat' dir='ltr'><em>oerum</em></span> 
     </span>
     <span class='ocr_line' id='line_1_16' title="bbox 156 2873 1274 2959; baseline -0.003 -19"><span class='ocrx_word' id='word_1_120' title='bbox 156 2897 194 2940; x_wconf 92' lang='lat' dir='ltr'><em>oo</em></span> <span class='ocrx_word' id='word_1_121' title='bbox 210 2875 425 2958; x_wconf 66' lang='lat' dir='ltr'><em>minumum</em></span> <span class='ocrx_word' id='word_1_122' title='bbox 447 2885 616 2959; x_wconf 77' lang='lat' dir='ltr'><em>reputaret.</em></span> <span class='ocrx_word' id='word_1_123' title='bbox 662 2880 726 2944; x_wconf 81' lang='lat' dir='ltr'><em>Sed</em></span> <span class='ocrx_word' id='word_1_124' title='bbox 748 2878 857 2943; x_wconf 91' lang='lat' dir='ltr'><em>omnia</em></span> <span class='ocrx_word' id='word_1_125' title='bbox 879 2897 959 2959; x_wconf 80' lang='lat' dir='ltr'><em>quae</em></span> <span class='ocrx_word' id='word_1_126' title='bbox 982 2876 1077 2940; x_wconf 83' lang='lat' dir='ltr'><em>roden</em></span> <span class='ocrx_word' id='word_1_127' title='bbox 1099 2873 1274 2939; x_wconf 76' lang='lat' dir='ltr'><em>Parisinus</em></span> 
     </span>
    </p>
   </div>
   <div class='ocr_carea' id='block_1_3' title="bbox 155 2961 1273 3403">
    <p class='ocr_par' dir='ltr' id='par_1_3' title="bbox 155 2961 1273 3403">
     <span class='ocr_line' id='line_1_17' title="bbox 156 2961 1270 3050; baseline -0.003 -21"><span class='ocrx_word' id='word_1_128' title='bbox 156 2964 313 3030; x_wconf 86' lang='lat' dir='ltr'><em>coutinet⁵</em></span> <span class='ocrx_word' id='word_1_129' title='bbox 336 2967 375 3029; x_wconf 86' lang='lat' dir='ltr'><em>ah</em></span> <span class='ocrx_word' id='word_1_130' title='bbox 400 2967 547 3031; x_wconf 91' lang='lat' dir='ltr'><em>Iohanne</em></span> <span class='ocrx_word' id='word_1_131' title='bbox 574 2967 764 3050; x_wconf 72' lang='lat' dir='ltr'><em>Godaanello</em></span> <span class='ocrx_word' id='word_1_132' title='bbox 792 2987 857 3031; x_wconf 87' lang='lat' dir='ltr'><em>esse</em></span> <span class='ocrx_word' id='word_1_133' title='bbox 880 2967 1013 3040; x_wconf 88' lang='lat' dir='ltr'><em>collecta,</em></span> <span class='ocrx_word' id='word_1_134' title='bbox 1044 2963 1108 3028; x_wconf 90' lang='lat' dir='ltr'><em>siue</em></span> <span class='ocrx_word' id='word_1_135' title='bbox 1131 2961 1270 3043; x_wconf 90' lang='lat' dir='ltr'><em>aliunde,</em></span> 
     </span>
     <span class='ocr_line' id='line_1_18' title="bbox 155 3052 1272 3135; baseline -0.002 -19"><span class='ocrx_word' id='word_1_136' title='bbox 155 3059 191 3116; x_wconf 95' lang='lat' dir='ltr'><em>ut</em></span> <span class='ocrx_word' id='word_1_137' title='bbox 212 3074 250 3118; x_wconf 88' lang='lat' dir='ltr'><em>en</em></span> <span class='ocrx_word' id='word_1_138' title='bbox 265 3053 365 3118; x_wconf 91' lang='lat' dir='ltr'><em>Pauli</em></span> <span class='ocrx_word' id='word_1_139' title='bbox 382 3054 513 3120; x_wconf 90' lang='lat' dir='ltr'><em>diaconi</em></span> <span class='ocrx_word' id='word_1_140' title='bbox 528 3055 681 3121; x_wconf 89' lang='lat' dir='ltr'><em>Historia</em></span> <span class='ocrx_word' id='word_1_141' title='bbox 700 3057 851 3121; x_wconf 84' lang='lat' dir='ltr'><em>Romana</em></span> <span class='ocrx_word' id='word_1_142' title='bbox 873 3061 965 3135; x_wconf 80' lang='lat' dir='ltr'><em>utque</em></span> <span class='ocrx_word' id='word_1_143' title='bbox 980 3052 1132 3117; x_wconf 89' lang='lat' dir='ltr'><em>Historia</em></span> <span class='ocrx_word' id='word_1_144' title='bbox 1146 3052 1272 3133; x_wconf 71' lang='lat' dir='ltr'><em>Lanyo·</em></span> 
     </span>
     <span class='ocr_line' id='line_1_19' title="bbox 156 3139 1273 3228; baseline -0.003 -22"><span class='ocrx_word' id='word_1_145' title='bbox 156 3143 329 3207; x_wconf 84' lang='lat' dir='ltr'><em>bardorum</em></span> <span class='ocrx_word' id='word_1_146' title='bbox 351 3149 380 3207; x_wconf 89' lang='lat' dir='ltr'><em>et</em></span> <span class='ocrx_word' id='word_1_147' title='bbox 397 3143 522 3209; x_wconf 82' lang='lat' dir='ltr'><em>Isidori</em></span> <span class='ocrx_word' id='word_1_148' title='bbox 536 3145 755 3228; x_wconf 71' lang='lat' dir='ltr'><em>Etumoloniis,</em></span> <span class='ocrx_word' id='word_1_149' title='bbox 780 3149 925 3224; x_wconf 74' lang='lat' dir='ltr'><em>inempta</em></span> <span class='ocrx_word' id='word_1_150' title='bbox 948 3144 994 3206; x_wconf 85' lang='lat' dir='ltr'><em>oet</em></span> <span class='ocrx_word' id='word_1_151' title='bbox 1017 3140 1183 3221; x_wconf 76' lang='lat' dir='ltr'><em>descripta,</em></span> <span class='ocrx_word' id='word_1_152' title='bbox 1208 3139 1273 3203; x_wconf 89' lang='lat' dir='ltr'><em>siue</em></span> 
     </span>
     <span class='ocr_line' id='line_1_20' title="bbox 156 3227 1273 3315; baseline -0.004 -20"><span class='ocrx_word' id='word_1_153' title='bbox 156 3232 196 3295; x_wconf 86' lang='lat' dir='ltr'><em>oh</em></span> <span class='ocrx_word' id='word_1_154' title='bbox 211 3229 280 3311; x_wconf 67' lang='lat' dir='ltr'><em>inno</em></span> <span class='ocrx_word' id='word_1_155' title='bbox 295 3232 473 3314; x_wconf 77' lang='lat' dir='ltr'><em>composita,</em></span> <span class='ocrx_word' id='word_1_156' title='bbox 498 3253 578 3315; x_wconf 79' lang='lat' dir='ltr'><em>quae</em></span> <span class='ocrx_word' id='word_1_157' title='bbox 595 3234 771 3298; x_wconf 86' lang='lat' dir='ltr'><em>monimum</em></span> <span class='ocrx_word' id='word_1_158' title='bbox 781 3238 909 3315; x_wconf 78' lang='lat' dir='ltr'><em>partem</em></span> <span class='ocrx_word' id='word_1_159' title='bbox 926 3229 1003 3295; x_wconf 82' lang='lat' dir='ltr'><em>libri</em></span> <span class='ocrx_word' id='word_1_160' title='bbox 1021 3234 1181 3310; x_wconf 77' lang='lat' dir='ltr'><em>occupant,</em></span> <span class='ocrx_word' id='word_1_161' title='bbox 1206 3227 1273 3292; x_wconf 91' lang='lat' dir='ltr'><em>iam</em></span> 
     </span>
     <span class='ocr_line' id='line_1_21' title="bbox 156 3319 1271 3403; baseline -0.002 -19"><span class='ocrx_word' id='word_1_162' title='bbox 156 3320 370 3384; x_wconf 85' lang='lat' dir='ltr'><em>demonstrari</em></span> <span class='ocrx_word' id='word_1_163' title='bbox 403 3327 495 3403; x_wconf 80' lang='lat' dir='ltr'><em>atque</em></span> <span class='ocrx_word' id='word_1_164' title='bbox 529 3321 608 3387; x_wconf 87' lang='lat' dir='ltr'><em>eoioi</em></span> <span class='ocrx_word' id='word_1_165' title='bbox 643 3321 698 3387; x_wconf 65' lang='grc' dir='ltr'><em>ίΝ.</em></span> <span class='ocrx_word' id='word_1_166' title='bbox 721 3320 853 3388; x_wconf 81' lang='lat' dir='ltr'><em>Archio’</em></span> <span class='ocrx_word' id='word_1_167' title='bbox 880 3319 981 3400; x_wconf 85' lang='lat' dir='ltr'><em>XVI,</em></span> <span class='ocrx_word' id='word_1_168' title='bbox 1010 3341 1046 3400; x_wconf 76' lang='lat' dir='ltr'><em>p.</em></span> <span class='ocrx_word' id='word_1_169' title='bbox 1071 3323 1271 3383; x_wconf 81' lang='lat'><strong>253-346.</strong></span> 
     </span>
    </p>
   </div>
   <div class='ocr_carea' id='block_1_4' title="bbox 155 3511 1274 4504">
    <p class='ocr_par' dir='ltr' id='par_1_4' title="bbox 155 3511 1274 4504">
     <span class='ocr_line' id='line_1_22' title="bbox 157 3511 1274 3580; baseline -0.004 -13"><span class='ocrx_word' id='word_1_170' title='bbox 157 3512 183 3580; x_wconf 80' lang='lat'><em>1)</em></span> <span class='ocrx_word' id='word_1_171' title='bbox 204 3511 352 3565; x_wconf 67' lang='lat' dir='ltr'><em>Chironium</em></span> <span class='ocrx_word' id='word_1_172' title='bbox 364 3513 549 3565; x_wconf 74' lang='lat' dir='ltr'><em>Placentinum</em></span> <span class='ocrx_word' id='word_1_173' title='bbox 560 3519 584 3566; x_wconf 88' lang='lat' dir='ltr'><em>et</em></span> <span class='ocrx_word' id='word_1_174' title='bbox 596 3514 746 3566; x_wconf 59' lang='lat' dir='ltr'><em>&amp;cronhon</em></span> <span class='ocrx_word' id='word_1_175' title='bbox 758 3514 789 3565; x_wconf 88' lang='lat' dir='ltr'><em>de</em></span> <span class='ocrx_word' id='word_1_176' title='bbox 803 3513 883 3566; x_wconf 85' lang='lat' dir='ltr'><em>rebus</em></span> <span class='ocrx_word' id='word_1_177' title='bbox 900 3515 930 3564; x_wconf 88' lang='lat' dir='ltr'><em>in</em></span> <span class='ocrx_word' id='word_1_178' title='bbox 948 3513 1033 3563; x_wconf 89' lang='lat' dir='ltr'><em>Italia</em></span> <span class='ocrx_word' id='word_1_179' title='bbox 1050 3512 1129 3577; x_wconf 71' lang='lat' dir='ltr'><em>yonis</em></span> <span class='ocrx_word' id='word_1_180' title='bbox 1141 3511 1274 3576; x_wconf 85' lang='lat' dir='ltr'><em>(Parisiis</em></span> 
     </span>
     <span class='ocr_line' id='line_1_23' title="bbox 157 3582 1273 3652; baseline -0.005 -14"><span class='ocrx_word' id='word_1_181' title='bbox 157 3585 239 3648; x_wconf 89' lang='grc'><strong><em>1856)</em></strong></span> <span class='ocrx_word' id='word_1_182' title='bbox 252 3601 283 3650; x_wconf 82' lang='lat' dir='ltr'><em>p.</em></span> <span class='ocrx_word' id='word_1_183' title='bbox 298 3584 423 3638; x_wconf 86' lang='lat' dir='ltr'><em>V-VII.</em></span> <span class='ocrx_word' id='word_1_184' title='bbox 494 3583 522 3652; x_wconf 78' lang='lat'><em>2)</em></span> <span class='ocrx_word' id='word_1_185' title='bbox 541 3585 714 3637; x_wconf 85' lang='lat' dir='ltr'><em>Monumenta</em></span> <span class='ocrx_word' id='word_1_186' title='bbox 731 3586 861 3636; x_wconf 79' lang='lat' dir='ltr'><em>historica</em></span> <span class='ocrx_word' id='word_1_187' title='bbox 878 3584 915 3635; x_wconf 90' lang='lat' dir='ltr'><em>od</em></span> <span class='ocrx_word' id='word_1_188' title='bbox 928 3584 1085 3650; x_wconf 77' lang='lat' dir='ltr'><em>prouincias</em></span> <span class='ocrx_word' id='word_1_189' title='bbox 1102 3582 1273 3633; x_wconf 86' lang='lat' dir='ltr'><em>Parmensem</em></span> 
     </span>
     <span class='ocr_line' id='line_1_24' title="bbox 155 3653 1274 3722; baseline 0 -16"><span class='ocrx_word' id='word_1_190' title='bbox 155 3662 179 3706; x_wconf 86' lang='lat' dir='ltr'><em>et</em></span> <span class='ocrx_word' id='word_1_191' title='bbox 196 3655 381 3707; x_wconf 78' lang='lat' dir='ltr'><em>Pmcmnnam</em></span> <span class='ocrx_word' id='word_1_192' title='bbox 396 3656 559 3722; x_wconf 68' lang='lat' dir='ltr'><em>pertinentia</em></span> <span class='ocrx_word' id='word_1_193' title='bbox 577 3657 634 3722; x_wconf 84' lang='lat' dir='ltr'><em>III,</em></span> <span class='ocrx_word' id='word_1_194' title='bbox 653 3659 678 3711; x_wconf 84' lang='lat'><em>5.</em></span> <span class='ocrx_word' id='word_1_195' title='bbox 698 3657 723 3720; x_wconf 86' lang='lat'><em>6,</em></span> <span class='ocrx_word' id='word_1_196' title='bbox 744 3657 878 3708; x_wconf 63' lang='lat' dir='ltr'><em>aaronica</em></span> <span class='ocrx_word' id='word_1_197' title='bbox 896 3657 954 3707; x_wconf 82' lang='lat' dir='ltr'><em>tria</em></span> <span class='ocrx_word' id='word_1_198' title='bbox 971 3654 1125 3706; x_wconf 70' lang='lat' dir='ltr'><em>Placentina</em></span> <span class='ocrx_word' id='word_1_199' title='bbox 1143 3653 1274 3720; x_wconf 79' lang='lat' dir='ltr'><em>(Parmae</em></span> 
     </span>
     <span class='ocr_line' id='line_1_25' title="bbox 157 3725 1273 3794; baseline -0.005 -14"><span class='ocrx_word' id='word_1_200' title='bbox 157 3727 239 3785; x_wconf 82' lang='lat'>1859)</span> <span class='ocrx_word' id='word_1_201' title='bbox 253 3743 283 3793; x_wconf 78' lang='lat' dir='ltr'><em>p.</em></span> <span class='ocrx_word' id='word_1_202' title='bbox 298 3725 445 3781; x_wconf 89' lang='lat' dir='ltr'><em>VII-XI.</em></span> <span class='ocrx_word' id='word_1_203' title='bbox 553 3727 581 3794; x_wconf 87' lang='lat'><em>3)</em></span> <span class='ocrx_word' id='word_1_204' title='bbox 607 3727 655 3782; x_wconf 85' lang='lat' dir='ltr'><em>SS.</em></span> <span class='ocrx_word' id='word_1_205' title='bbox 674 3727 785 3792; x_wconf 81' lang='lat' dir='ltr'><em>XVIII,</em></span> <span class='ocrx_word' id='word_1_206' title='bbox 807 3743 838 3793; x_wconf 75' lang='lat' dir='ltr'><em>u.</em></span> <span class='ocrx_word' id='word_1_207' title='bbox 850 3729 912 3782; x_wconf 87' lang='lat'>404.</span> <span class='ocrx_word' id='word_1_208' title='bbox 931 3742 956 3779; x_wconf 87' lang='lat' dir='ltr'><em>a.</em></span> <span class='ocrx_word' id='word_1_209' title='bbox 971 3726 1048 3780; x_wconf 86' lang='grc'><strong>1863.</strong></span> <span class='ocrx_word' id='word_1_210' title='bbox 1086 3725 1140 3790; x_wconf 74' lang='lat' dir='ltr'><em>Qui·</em></span> <span class='ocrx_word' id='word_1_211' title='bbox 1162 3740 1222 3776; x_wconf 79' lang='lat' dir='ltr'><em>mm</em></span> <span class='ocrx_word' id='word_1_212' title='bbox 1242 3726 1273 3775; x_wconf 89' lang='lat' dir='ltr'><em>in</em></span> 
     </span>
     <span class='ocr_line' id='line_1_26' title="bbox 157 3795 1271 3864; baseline 0.001 -16"><span class='ocrx_word' id='word_1_213' title='bbox 157 3795 381 3864; x_wconf 71' lang='lat' dir='ltr'><em>‘Abhondlunyen</em></span> <span class='ocrx_word' id='word_1_214' title='bbox 404 3797 453 3850; x_wconf 77' lang='lat' dir='ltr'><em>der</em></span> <span class='ocrx_word' id='word_1_215' title='bbox 471 3798 581 3864; x_wconf 70' lang='lat' dir='ltr'><em>Ktniyl.</em></span> <span class='ocrx_word' id='word_1_216' title='bbox 600 3798 688 3852; x_wconf 79' lang='lat' dir='ltr'><em>Alcod.</em></span> <span class='ocrx_word' id='word_1_217' title='bbox 707 3798 733 3852; x_wconf 84' lang='lat' dir='ltr'><em>d.</em></span> <span class='ocrx_word' id='word_1_218' title='bbox 753 3799 830 3852; x_wconf 85' lang='lat' dir='ltr'><em>Wiss.</em></span> <span class='ocrx_word' id='word_1_219' title='bbox 855 3814 890 3848; x_wconf 81' lang='lat' dir='ltr'><em>zu</em></span> <span class='ocrx_word' id='word_1_220' title='bbox 916 3797 1023 3849; x_wconf 82' lang='lat' dir='ltr'><em>Berlin&#39;</em></span> <span class='ocrx_word' id='word_1_221' title='bbox 1042 3798 1119 3852; x_wconf 79' lang='lat'>1853.</span> <span class='ocrx_word' id='word_1_222' title='bbox 1133 3796 1271 3862; x_wconf 81' lang='lat' dir='ltr'><strong>p.499-</strong></span> 
     </span>
     <span class='ocr_line' id='line_1_27' title="bbox 156 3867 1272 3922; baseline -0.005 0"><span class='ocrx_word' id='word_1_223' title='bbox 156 3869 217 3922; x_wconf 84' lang='lat'>515.</span> <span class='ocrx_word' id='word_1_224' title='bbox 242 3868 274 3919; x_wconf 84' lang='lat' dir='ltr'><em>de</em></span> <span class='ocrx_word' id='word_1_225' title='bbox 298 3868 342 3919; x_wconf 84' lang='lat' dir='ltr'><em>his</em></span> <span class='ocrx_word' id='word_1_226' title='bbox 365 3873 389 3920; x_wconf 87' lang='lat' dir='ltr'><em>ct</em></span> <span class='ocrx_word' id='word_1_227' title='bbox 407 3868 560 3920; x_wconf 78' lang='lat' dir='ltr'><em>Annalibus</em></span> <span class='ocrx_word' id='word_1_228' title='bbox 584 3869 748 3922; x_wconf 78' lang='lat' dir='ltr'><em>Placentinis</em></span> <span class='ocrx_word' id='word_1_229' title='bbox 773 3869 912 3921; x_wconf 79' lang='lat' dir='ltr'><em>Gihedinis</em></span> <span class='ocrx_word' id='word_1_230' title='bbox 936 3867 1075 3920; x_wconf 59' lang='lat' dir='ltr'><em>damnaret</em></span> <span class='ocrx_word' id='word_1_231' title='bbox 1099 3897 1133 3906; x_wconf 96' lang='lat'>-</span> <span class='ocrx_word' id='word_1_232' title='bbox 1158 3871 1189 3917; x_wconf 88' lang='lat' dir='ltr'><em>ut</em></span> <span class='ocrx_word' id='word_1_233' title='bbox 1213 3881 1272 3917; x_wconf 88' lang='lat' dir='ltr'><em>oum</em></span> 
     </span>
     <span class='ocr_line' id='line_1_28' title="bbox 155 3936 1271 4007; baseline 0.001 -17"><span class='ocrx_word' id='word_1_234' title='bbox 155 3938 269 3990; x_wconf 69' lang='lat' dir='ltr'><em>Secundo</em></span> <span class='ocrx_word' id='word_1_235' title='bbox 287 3940 383 4006; x_wconf 73' lang='lat' dir='ltr'><em>hauan·</em></span> <span class='ocrx_word' id='word_1_236' title='bbox 400 3970 444 4006; x_wconf 89' lang='lat'><em>—,</em></span> <span class='ocrx_word' id='word_1_237' title='bbox 470 3941 513 3991; x_wconf 89' lang='lat' dir='ltr'><em>nil</em></span> <span class='ocrx_word' id='word_1_238' title='bbox 533 3941 574 3991; x_wconf 81' lang='lat' dir='ltr'><em>ool</em></span> <span class='ocrx_word' id='word_1_239' title='bbox 586 3956 689 4006; x_wconf 83' lang='lat' dir='ltr'><em>porum</em></span> <span class='ocrx_word' id='word_1_240' title='bbox 706 3941 773 3993; x_wconf 72' lang='lat' dir='ltr'><em>utile</em></span> <span class='ocrx_word' id='word_1_241' title='bbox 789 3942 820 3991; x_wconf 88' lang='lat' dir='ltr'><em>in</em></span> <span class='ocrx_word' id='word_1_242' title='bbox 837 3940 936 3991; x_wconf 79' lang='lat' dir='ltr'><em>horrea</em></span> <span class='ocrx_word' id='word_1_243' title='bbox 953 3940 1106 4007; x_wconf 69' lang='lat' dir='ltr'><em>rmmtaoit.</em></span> <span class='ocrx_word' id='word_1_244' title='bbox 1176 3937 1206 4006; x_wconf 84' lang='lat'><em>4)</em></span> <span class='ocrx_word' id='word_1_245' title='bbox 1223 3936 1271 3991; x_wconf 80' lang='lat' dir='ltr'><em>SS.</em></span> 
     </span>
     <span class='ocr_line' id='line_1_29' title="bbox 155 4009 1271 4078; baseline -0.003 -16"><span class='ocrx_word' id='word_1_246' title='bbox 155 4009 267 4073; x_wconf 84' lang='lat' dir='ltr'><em>XVIII,</em></span> <span class='ocrx_word' id='word_1_247' title='bbox 284 4027 312 4076; x_wconf 79' lang='lat' dir='ltr'><em>p.</em></span> <span class='ocrx_word' id='word_1_248' title='bbox 326 4012 387 4065; x_wconf 89' lang='grc'><strong>349.</strong></span> <span class='ocrx_word' id='word_1_249' title='bbox 429 4011 482 4062; x_wconf 83' lang='lat' dir='ltr'><em>Ubi</em></span> <span class='ocrx_word' id='word_1_250' title='bbox 503 4016 598 4063; x_wconf 82' lang='lat' dir='ltr'><em>contra</em></span> <span class='ocrx_word' id='word_1_251' title='bbox 616 4009 912 4066; x_wconf 69' lang='lat' dir='ltr'><em>linitura-Bruuius</em></span> <span class='ocrx_word' id='word_1_252' title='bbox 935 4011 1058 4078; x_wconf 82' lang='lat' dir='ltr'><em>enposuit</em></span> <span class='ocrx_word' id='word_1_253' title='bbox 1083 4009 1182 4061; x_wconf 79' lang='lat' dir='ltr'><em>librum</em></span> <span class='ocrx_word' id='word_1_254' title='bbox 1206 4009 1271 4060; x_wconf 85' lang='lat' dir='ltr'><em>cinis</em></span> 
     </span>
     <span class='ocr_line' id='line_1_30' title="bbox 156 4080 1271 4150; baseline 0 -19"><span class='ocrx_word' id='word_1_255' title='bbox 156 4081 364 4132; x_wconf 68' lang='lat' dir='ltr'><em>Mediolanenses</em></span> <span class='ocrx_word' id='word_1_256' title='bbox 387 4097 441 4134; x_wconf 89' lang='lat' dir='ltr'><em>non</em></span> <span class='ocrx_word' id='word_1_257' title='bbox 466 4099 484 4133; x_wconf 92' lang='lat' dir='ltr'><em>a</em></span> <span class='ocrx_word' id='word_1_258' title='bbox 503 4082 662 4148; x_wconf 72' lang='lat' dir='ltr'><em>Codaonello</em></span> <span class='ocrx_word' id='word_1_259' title='bbox 686 4085 857 4150; x_wconf 83' lang='lat' dir='ltr'><em>compositum</em></span> <span class='ocrx_word' id='word_1_260' title='bbox 881 4097 984 4134; x_wconf 87' lang='lat' dir='ltr'><em>esso-</em></span> <span class='ocrx_word' id='word_1_261' title='bbox 1011 4081 1080 4147; x_wconf 78' lang='lat' dir='ltr'><em>quod</em></span> <span class='ocrx_word' id='word_1_262' title='bbox 1097 4082 1141 4131; x_wconf 86' lang='lat' dir='ltr'><em>oir</em></span> <span class='ocrx_word' id='word_1_263' title='bbox 1158 4080 1200 4132; x_wconf 83' lang='lat' dir='ltr'><em>ille</em></span> <span class='ocrx_word' id='word_1_264' title='bbox 1217 4094 1271 4131; x_wconf 89' lang='lat' dir='ltr'><em>non</em></span> 
     </span>
     <span class='ocr_line' id='line_1_31' title="bbox 155 4151 1270 4221; baseline -0.003 -18"><span class='ocrx_word' id='word_1_265' title='bbox 155 4152 322 4204; x_wconf 84' lang='lat' dir='ltr'><em>contenderat</em></span> <span class='ocrx_word' id='word_1_266' title='bbox 341 4181 374 4190; x_wconf 95' lang='lat'>—</span> <span class='ocrx_word' id='word_1_267' title='bbox 393 4154 501 4220; x_wconf 77' lang='lat' dir='ltr'><em>ideoque</em></span> <span class='ocrx_word' id='word_1_268' title='bbox 517 4155 573 4204; x_wconf 88' lang='lat' dir='ltr'><em>ium</em></span> <span class='ocrx_word' id='word_1_269' title='bbox 591 4154 662 4206; x_wconf 85' lang='lat' dir='ltr'><em>male</em></span> <span class='ocrx_word' id='word_1_270' title='bbox 680 4153 733 4205; x_wconf 84' lang='lat' dir='ltr'><em>sihi</em></span> <span class='ocrx_word' id='word_1_271' title='bbox 747 4168 907 4221; x_wconf 76' lang='lat' dir='ltr'><em>permensum</em></span> <span class='ocrx_word' id='word_1_272' title='bbox 931 4151 1041 4203; x_wconf 85' lang='lat' dir='ltr'><em>hahebat</em></span> <span class='ocrx_word' id='word_1_273' title='bbox 1060 4151 1158 4203; x_wconf 82' lang='lat' dir='ltr'><em>libellos</em></span> <span class='ocrx_word' id='word_1_274' title='bbox 1175 4153 1224 4217; x_wconf 81' lang='lat' dir='ltr'><em>qui</em></span> <span class='ocrx_word' id='word_1_275' title='bbox 1240 4151 1270 4200; x_wconf 89' lang='lat' dir='ltr'><em>in</em></span> 
     </span>
     <span class='ocr_line' id='line_1_32' title="bbox 155 4222 1270 4290; baseline -0.002 -16"><span class='ocrx_word' id='word_1_276' title='bbox 155 4224 239 4274; x_wconf 86' lang='lat' dir='ltr'><em>codiee</em></span> <span class='ocrx_word' id='word_1_277' title='bbox 256 4222 386 4274; x_wconf 85' lang='lat' dir='ltr'><em>Parisino</em></span> <span class='ocrx_word' id='word_1_278' title='bbox 400 4229 462 4290; x_wconf 76' lang='lat' dir='ltr'><em>post</em></span> <span class='ocrx_word' id='word_1_279' title='bbox 481 4223 579 4275; x_wconf 80' lang='lat' dir='ltr'><em>librum</em></span> <span class='ocrx_word' id='word_1_280' title='bbox 597 4225 818 4277; x_wconf 74' lang='lat' dir='ltr'><em>Mediolonensem</em></span> <span class='ocrx_word' id='word_1_281' title='bbox 836 4228 984 4290; x_wconf 77' lang='lat' dir='ltr'><em>sequuntur</em></span> <span class='ocrx_word' id='word_1_282' title='bbox 1002 4239 1019 4274; x_wconf 92' lang='lat' dir='ltr'><em>a</em></span> <span class='ocrx_word' id='word_1_283' title='bbox 1038 4222 1198 4287; x_wconf 72' lang='lat' dir='ltr'><em>Oodoyncllo</em></span> <span class='ocrx_word' id='word_1_284' title='bbox 1216 4235 1270 4272; x_wconf 86' lang='lat' dir='ltr'><em>uon</em></span> 
     </span>
     <span class='ocr_line' id='line_1_33' title="bbox 156 4294 1271 4363; baseline -0.002 -17"><span class='ocrx_word' id='word_1_285' title='bbox 156 4295 315 4360; x_wconf 67' lang='lat' dir='ltr'><em>oonscm&#39;notos</em></span> <span class='ocrx_word' id='word_1_286' title='bbox 339 4310 398 4348; x_wconf 85' lang='lat' dir='ltr'><em>esse.</em></span> <span class='ocrx_word' id='word_1_287' title='bbox 489 4295 517 4363; x_wconf 84' lang='lat'><em>5)</em></span> <span class='ocrx_word' id='word_1_288' title='bbox 537 4296 648 4348; x_wconf 85' lang='lat' dir='ltr'><em>Praeter</em></span> <span class='ocrx_word' id='word_1_289' title='bbox 665 4311 756 4348; x_wconf 77' lang='lat' dir='ltr'><em>vermos</em></span> <span class='ocrx_word' id='word_1_290' title='bbox 776 4295 944 4363; x_wconf 78' lang='lat' dir='ltr'><em>propheticos</em></span> <span class='ocrx_word' id='word_1_291' title='bbox 965 4299 1056 4359; x_wconf 82' lang='lat' dir='ltr'><em>postea</em></span> <span class='ocrx_word' id='word_1_292' title='bbox 1081 4294 1230 4360; x_wconf 82' lang='lat' dir='ltr'><em>adsuiptos</em></span> <span class='ocrx_word' id='word_1_293' title='bbox 1248 4297 1271 4344; x_wconf 86' lang='lat' dir='ltr'><em>et</em></span> 
     </span>
     <span class='ocr_line' id='line_1_34' title="bbox 157 4363 1273 4433; baseline -0.004 -16"><span class='ocrx_word' id='word_1_294' title='bbox 157 4365 297 4417; x_wconf 82' lang='lat' dir='ltr'><em>Gronioam</em></span> <span class='ocrx_word' id='word_1_295' title='bbox 313 4365 573 4433; x_wconf 82' lang='lat' dir='ltr'><em>archiepiscoporum</em></span> <span class='ocrx_word' id='word_1_296' title='bbox 588 4368 764 4418; x_wconf 84' lang='lat' dir='ltr'><em>Ianumsium</em></span> <span class='ocrx_word' id='word_1_297' title='bbox 780 4366 869 4418; x_wconf 86' lang='lat' dir='ltr'><em>Iacobi</em></span> <span class='ocrx_word' id='word_1_298' title='bbox 885 4366 917 4417; x_wconf 86' lang='lat' dir='ltr'><em>de</em></span> <span class='ocrx_word' id='word_1_299' title='bbox 935 4365 1071 4430; x_wconf 71' lang='lat' dir='ltr'><em>Varayine</em></span> <span class='ocrx_word' id='word_1_300' title='bbox 1088 4366 1176 4430; x_wconf 78' lang='lat' dir='ltr'><em>(quem</em></span> <span class='ocrx_word' id='word_1_301' title='bbox 1192 4363 1273 4414; x_wconf 88' lang='lat' dir='ltr'><em>multi</em></span> 
     </span>
     <span class='ocr_line' id='line_1_35' title="bbox 156 4436 1022 4504; baseline -0.001 -17"><span class='ocrx_word' id='word_1_302' title='bbox 156 4436 188 4488; x_wconf 88' lang='lat' dir='ltr'><em>de</em></span> <span class='ocrx_word' id='word_1_303' title='bbox 203 4437 337 4502; x_wconf 67' lang='lat' dir='ltr'><em>Veranius</em></span> <span class='ocrx_word' id='word_1_304' title='bbox 354 4436 424 4502; x_wconf 77' lang='lat' dir='ltr'><em>falso</em></span> <span class='ocrx_word' id='word_1_305' title='bbox 441 4441 547 4497; x_wconf 84' lang='lat' dir='ltr'><em>uocant)</em></span> <span class='ocrx_word' id='word_1_306' title='bbox 559 4443 652 4504; x_wconf 80' lang='lat' dir='ltr'><em>postea</em></span> <span class='ocrx_word' id='word_1_307' title='bbox 669 4438 732 4489; x_wconf 85' lang='lat' dir='ltr'><em>huia</em></span> <span class='ocrx_word' id='word_1_308' title='bbox 749 4439 833 4490; x_wconf 80' lang='lat' dir='ltr'><em>codici</em></span> <span class='ocrx_word' id='word_1_309' title='bbox 847 4436 1022 4489; x_wconf 84' lang='lat' dir='ltr'><em>suhinnetam.</em></span> 
     </span>
    </p>
   </div>
   <div class='ocr_carea' id='block_1_5' title="bbox 0 0 1486 4936">
    <p class='ocr_par' dir='ltr' id='par_1_5' title="bbox 0 0 1486 4936">
     <span class='ocr_line' id='line_1_36' title="bbox 0 0 1486 4936; baseline 0 0"><span class='ocrx_word' id='word_1_310' title='bbox 0 0 1486 4936; x_wconf 95' lang='lat' dir='ltr'><em> </em></span> 
     </span>
    </p>
   </div>
  </div>
 </body>
</html>
