2962 4936
196 439 230 495 66
356 433 547 490 IOHANNIS
566 431 812 489 OODAGNELLI
832 431 1013 486 ANNALES
1032 430 1160 489 A.·1218.

100 627 177 682 1218.
197 620 357 684 universa
379 622 484 701 gente
509 638 627 682 eorum
651 620 686 681 et
710 637 828 680 omnes
852 617 912 679 alii
942 636 1060 680 eorum
1091 617 1194 680 amici
1205 615 1225 693 1,
1258 617 1316 698 qui

196 709 233 772 in
257 729 375 772 eorum
398 709 565 771 venerant
589 705 727 781 auxilie,
752 705 795 769 de
819 705 939 768 castris
964 706 1120 770 exierunt
1140 708 1176 768 et
1192 706 1316 768 armati

197 801 233 863 et
264 796 425 860 asclerati
455 795 499 858 ad
529 795 643 858 locum
674 795 716 858 de
741 793 884 858 Gibello'
908 794 1056 868 iverunt,
1087 794 1121 855 in
1148 815 1216 876 quo
1241 794 1316 858 Cre·

196 905 377 950 monenses
401 887 436 948 et
459 883 660 947 Parmenses
691 887 726 947 et
756 883 817 946 alii
846 904 965 947 eorum
993 882 1095 946 amici
1118 883 1258 946 fossatis
1282 886 1316 947 et

197 975 274 1038 aliis
298 973 432 1056 magnis
455 972 706 1036 munitionibus
725 975 825 1036 erant
841 971 967 1034 muniti
982 971 1113 1054 pariter
1129 974 1165 1035 et
1179 971 1315 1034 inclusi.
1338 991 1350 1029 5

197 1066 246 1127 At
257 1062 533 1127 Mediolanenses
547 1061 634 1143 ipsia
650 1081 775 1143 magno
787 1061 921 1143 impetu
934 1063 969 1124 et
982 1059 1131 1124 clamore
1144 1080 1247 1144 super
1260 1080 1316 1124 eos

196 1152 365 1215 insultum
388 1151 557 1226 fecerunt,
582 1152 618 1213 et
633 1149 726 1212 tubis
742 1169 803 1232 per
819 1152 934 1232 partes
951 1149 1152 1212 sonantibus
1169 1149 1317 1232 prelium

196 1241 379 1324 incipitur;
410 1239 502 1322 quod
526 1237 674 1322 prelium
698 1238 835 1300 duravit
859 1237 902 1302 ab
926 1238 1012 1302 hora
1034 1258 1125 1302 none
1148 1258 1257 1321 usque
1280 1238 1317 1300 in

198 1330 310 1406 sero²;
334 1329 371 1392 in
395 1348 463 1410 quo
486 1327 595 1410 prelio
620 1327 663 1390 ab
687 1329 833 1409 utraque
857 1330 955 1409 parte
978 1326 1081 1389 multi
1096 1327 1195 1390 fuere
1212 1327 1315 1410 eapti,

196 1416 466 1482 innumerabiles
490 1437 570 1480 vero
601 1415 761 1479 destrarii
789 1415 935 1480 fuerunt
957 1415 1131 1480 vulnerati
1154 1419 1190 1479 et
1213 1416 1316 1480 inter·
1335 1435 1359 1474 ιο

196 1506 292 1570 fecti.
338 1504 505 1570 Videntes
540 1507 654 1569 autem
691 1509 832 1588 propter
860 1505 972 1568 noctis
1003 1504 1249 1568 obscuritatem
1282 1508 1317 1568 et

196 1596 303 1679 ipsius
327 1594 395 1658 loci
419 1593 646 1657 munitionem
674 1596 709 1657 et
732 1593 976 1657 fortitudinem
999 1594 1092 1675 quod
1114 1593 1316 1676 inceperant

197 1683 242 1747 ad
271 1684 375 1747 finem
406 1682 546 1746 minime
577 1683 764 1765 perducere
794 1702 903 1767 posse,
935 1682 978 1746 ad
1009 1684 1123 1745 castre
1152 1683 1284 1746 rediere
1295 1683 1315 1744 ³.

68 1797 117 1839 ru.
128 1797 147 1840 a.
156 1797 177 1838 9.
197 1772 264 1836 Die
286 1771 430 1836 Veneris
460 1791 591 1834 moram
620 1771 749 1835 ibidem
779 1771 903 1835 iecere.
957 1770 1079 1834 Altera
1114 1769 1169 1833 die
1205 1773 1317 1834 castra

198 1862 374 1925 moventes
397 1860 495 1922 iuxta
519 1862 668 1922 castrum
693 1860 735 1924 de
760 1859 902 1923 Buxedo
935 1879 997 1922 suu
1020 1860 1124 1923 fixere
1147 1861 1360 1936 tentoria315

198 1950 289 2032 quod
313 1953 387 2012 erat
410 1948 565 2012 turribus
589 1949 722 2032 magnis
739 1952 775 2012 et
790 1969 879 2031 aqua
895 1948 1047 2030 undique
1065 1948 1316 2012 circumdatum

199 2041 234 2102 et
264 2041 448 2100 muratum.
495 2037 541 2100 Et
571 2058 612 2101 eu
642 2037 697 2101 die
727 2037 816 2100 illud
846 2039 1012 2120 oeperunt
1042 2039 1078 2100 et
1102 2037 1285 2101 diruerunt
1294 2037 1316 2098 4.

42 2152 92 2192 zu.
102 2153 135 2194 ιο.
145 2153 177 2194 11.
198 2126 320 2191 Altera
344 2126 399 2191 die
423 2127 684 2190 castramentati
706 2127 805 2190 fuere
827 2127 926 2189 iuxta
942 2125 1106 2207 Burgum,
1132 2126 1244 2190 altera
1262 2128 1317 2190 die

198 2216 376 2292 fossatum,
416 2217 509 2297 quod
543 2215 744 2279 Parmenses
783 2218 818 2278 et
853 2208 1067 2297 Burgensesb
1106 2215 1263 2279 fecerant
1298 2237 1318 2278 a

199 2304 314 2387 Burgo
330 2324 439 2387 usque
455 2304 500 2368 ad
515 2304 692 2387 Roagiam
718 2303 960 2387 explanavere3
977 2307 1110 2366 turrem
1128 2305 1170 2368 de
1186 2304 1318 2387 Roagia
1336 2323 1361 2361 re

199 2397 234 2458 et
249 2396 379 2458 turrem
397 2393 544 2476 desuper
559 2393 596 2455 in
608 2393 757 2474 quodam
773 2392 877 2475 podio
888 2393 1056 2476 positam⁰
1074 2393 1319 2457 destruxerunt

199 2485 234 2546 et
258 2481 449 2546 diruerunt.
489 2481 585 2544 Illud
601 2481 739 2562 quidem
756 2481 934 2545 Placentie
953 2481 1082 2545 milites
1098 2484 1317 2546 transeuntes

199 2574 350 2634 castrum
374 2573 410 2634 et
433 2569 552 2632 villam
576 2570 618 2632 de
641 2564 1009 2654 ulvod-Sanguenario
1038 2573 1073 2634 et
1098 2569 1317 2635 Oasale-bar-

198 2658 320 2721 batum
344 2662 379 2721 et
402 2659 678 2722 Tocammotume
708 2662 744 2722 et
773 2659 885 2722 multa
914 2659 983 2722 alia
1013 2658 1090 2722 locu
1117 2660 1190 2724 fere
1215 2659 1317 2722 XXX

83 2737 180 2832 122,ng
200 2745 383 2829 *ceperunt
417 2750 453 2810 et
487 2746 731 2809 conbuserunt.
789 2747 856 2811 Die
890 2747 1054 2813 Mercurii
1088 2749 1247 2832 precibus
1282 2751 1317 2811 et
1335 2767 1360 2806 25

199 2855 314 2898 amore
331 2835 467 2898 abbatis
484 2829 730 2898 communisf·⁵
746 2835 933 2914 Placentie‚
958 2837 1068 2919 quiin
1085 2837 1161 2920 ipsa
1176 2840 1317 2901 venerat

199 3033 222 3080 a)
235 3033 358 3080 emendam,-
371 3033 451 3072 inclusi
460 3044 474 3071 a
483 3030 686 3073 mediolanensibus
696 3028 878 3085 i1(nisi)magno‚
893 3037 931 3084 qrcr'
944 3037 1003 3074 tecue
1016 3037 1071 3074 satie
1085 3040 1141 3075 certo
1152 3038 1226 3086 ostend
1234 3047 1317 3074 amnem

199 3086 284 3124 restitut
293 3090 371 3135 potest,
382 3087 480 3136 quamue
490 3087 520 3125 Ar
529 3090 549 3125 et
557 3087 600 3135 ipsi
608 3088 676 3126 dubia
684 3089 735 3136 aiut,
745 3090 803 3137 quod
811 3100 855 3127 non
864 3090 979 3127 dolendum
989 3093 1027 3139 eet,
1038 3091 1090 3138 quta
1100 3090 1245 3138 Cedepnellue
1253 3091 1319 3128 verbe

199 3139 284 3188 tuente,
298 3141 412 3178 sexcentus
421 3140 514 3189 prolata
527 3141 625 3188 repetitu·
638 3141 667 3188 ef.
682 3143 923 3191 superruentium
974 3144 997 3189 b)
1011 3144 1092 3182 emend.
1106 3144 1200 3189 H.·Br.,·
1216 3145 1289 3192 burcii
1302 3155 1319 3185 c.

199 3193 220 3239 c)
237 3192 311 3241 posita
324 3204 342 3235 e.
395 3194 418 3241 d)
430 3194 462 3232 ete
475 3194 538 3236 Gale.
552 3194 668 3242 Flammea·
686 3205 731 3234 uno
745 3206 776 3243 e.,·
790 3196 819 3243 ef.
834 3207 903 3245 supra
917 3207 939 3237 a.
948 3196 1008 3244 1188,
1019 3209 1044 3245 p.
1057 3199 1089 3246 17,
1104 3197 1120 3237 t.
1131 3197 1162 3238 ³3.
1215 3199 1236 3244 e)
1250 3207 1319 3237 emen·
1337 3194 1362 3233 3⁰

198 3246 266 3297 daot‚·
284 3250 352 3285 totam
366 3251 448 3286 motam
462 3258 494 3293 e.,·
511 3245 657 3295 Cogamatum
670 3249 734 3290 Gelo.
747 3249 857 3297 Flamma,
874 3249 956 3297 Manu).
971 3260 989 3288 e.
1000 3251 1046 3298 252,
1065 3251 1122 3288 rende
1139 3251 1235 3298 sonasse
1248 3252 1320 3290 Toca-

199 3303 283 3339 matum
297 3300 438 3342 scribendum.
498 3299 516 3351 I)
530 3300 575 3339 offis
589 3312 615 3348 e.,
630 3302 688 3350 quoe
701 3312 784 3350 semper
798 3305 828 3340 eet
842 3303 971 3344 communie.

200 3478 226 3543 1)
256 3476 327 3538 Quos
352 3485 508 3530 enumerant
533 3477 607 3532 Ceut.
626 3478 738 3530 Sicarde'
760 3484 784 3530 et
808 3481 882 3531 Anu.
901 3479 1021 3535 Cromen.
1044 3487 1067 3532 et
1086 3481 1158 3534 Anu.
1184 3482 1318 3547 Beryom„

199 3548 284 3602 ‘Mire
303 3549 337 3599 eu·
358 3550 445 3601 steria
463 3548 595 3600 Italiunu’
613 3549 687 3616 Μ).
700 3552 761 3604 224.
834 3550 861 3618 2)
884 3551 986 3602 Eadem
1011 3552 1069 3614 fere
1093 3553 1172 3604 verba
1197 3555 1228 3604 in
1245 3553 1318 3605 Anu.

197 3619 291 3672 Parm.
310 3621 374 3673 mni.
388 3637 418 3687 p.
432 3621 493 3674 666.
572 3621 600 3686 3)
620 3621 771 3683 Infaeoru
788 3621 963 3673 discesserunt
980 3622 1188 3675 Mediolanenses
1205 3625 1320 3690 sociique
1337 3637 1362 3677 ac

197 3704 298 3752 eorum,
317 3694 346 3740 nt
364 3695 480 3756 quotuor
498 3689 604 3741 laudati
618 3697 738 3744 auctores
752 3692 884 3757 referunt,
904 3697 927 3743 et
943 3693 1092 3745 Tolosanus
1104 3709 1124 3748 e.
1136 3696 1196 3760 156,
1216 3712 1242 3761 p.
1254 3697 1318 3760 702;

198 3759 344 3810 Schiaeiua
362 3761 378 3813 l.
393 3761 409 3813 l.
429 3761 558 3825 coe1523
578 3761 677 3816 enrou.
690 3763 799 3826 Mutia,
818 3763 965 3827 Mercuri,
984 3763 1033 3815 SS.
1047 3764 1113 3831 XV,
1133 3765 1178 3818 cel.
1192 3766 1254 3830 558,
1274 3765 1321 3816 ubi

198 3829 271 3893 fodro
289 3830 387 3881 diuum
405 3837 442 3882 est
455 3833 589 3883 carectum
601 3833 841 3886 Mediolaneneium
852 3839 958 3901 captum
975 3850 1027 3886 esee
1039 3836 1087 3898 (cf.
1102 3835 1176 3889 Cant.
1189 3836 1318 3898 Sicurdi).

200 3900 242 3964 Cf.
261 3901 367 3952 Albuti
384 3901 564 3954 Merionen.
582 3904 613 3955 de
636 3911 712 3970 temp.
731 3920 751 3959 e.
764 3907 830 3972 21'I3
856 3907 928 3958 Ann.
948 3906 1053 3959 Medeol.
1073 3908 1189 3958 minores
1210 3909 1319 3973 pue&

199 3973 271 4025 Aun.
284 3971 449 4036 tendentia,
463 3973 610 4039 Muratori,
623 3974 671 4028 SS.
682 3975 735 4041 XI,
748 3977 794 4030 cel.
805 3977 853 4043 583
868 3976 956 4029 ‘Creu
969 3978 1000 4028 di
1010 3977 1149 4042 Benene,
1161 3977 1196 4030 ib,
1206 3977 1319 4045 XVIII,
1338 3992 1363 4030 eo

198 4042 243 4095 eol.
257 4045 318 4100 252.
373 4043 401 4109 4)
419 4043 462 4106 Of.
475 4044 553 4098 Mem.
566 4045 671 4099 Mediol.
681 4064 710 4113 p.
723 4050 785 4102 401.
840 4047 867 4114 5)
886 4048 977 4114 Inepte
992 4048 1152 4099 bendictum
1168 4054 1212 4101 eat.
1246 4048 1321 4112 Quod

199 4113 305 4165 uerbum
329 4115 387 4164 niet
407 4121 564 4182 corruptum
586 4121 631 4181 eet,
656 4123 718 4169 ante
743 4118 792 4170 hoc
816 4119 947 4184 quautam
970 4120 1099 4171 euciduse
1121 4121 1227 4173 conicio.
1263 4120 1321 4171 Aut

199 4184 357 4239 abdanus.
371 4184 468 4236 Sabini
484 4191 533 4236 eut
544 4186 571 4238 S.
584 4185 660 4238 Sinti
676 4191 899 4241 monasteriorum
912 4189 1127 4242 Placentinorum
1146 4191 1217 4242 hune
1235 4191 1321 4254 suetae

198 4257 355 4307 censendum
372 4261 417 4309 eet.
450 4256 525 4309 Gale.
544 4256 677 4324 memma,
698 4259 804 4328 Manu).
822 4277 844 4314 e.
856 4263 918 4325 252,
942 4260 990 4312 hoc
1007 4261 1060 4314 loce
1079 4264 1212 4329 exscripto
1229 4262 1321 4315 habet:

199 4325 327 4392 precibus
345 4326 558 4378 ambasiatorum
576 4325 610 4380 de
622 4327 756 4397 Bononia,
774 4329 821 4398 qui
840 4330 875 4383 ad
892 4347 990 4399 pacem
1009 4330 1162 4384 faciendam
1178 4336 1320 4388 venerant.
1338 4347 1365 4386 45

200 4396 235 4447 In
253 4396 303 4447 hue
321 4397 451 4450 dubietate
468 4403 569 4451 tectum
586 4400 681 4452 eodide
698 4406 803 4454 mutere
820 4417 874 4455 non
892 4419 976 4454 nuens
993 4419 1061 4457 eum
