2962 4936
549 442 778 500 PRAEFATIO.
1134 442 1222 498 XVII

214 628 258 711 P)
283 632 392 692 auctor
410 624 592 690 Annalium
610 625 871 690 Placentinorum
895 625 1133 708 Gibellinorum,
1159 627 1219 692 SS.

110 719 146 781 Χ
153 717 256 797 VIII,
274 737 309 797 p.
327 720 518 794 457-470,
549 713 604 795 qui
629 720 758 797 praeter
780 715 836 779 bos
865 715 961 780 etiam
983 714 1140 779 libellum
1168 715 1222 779 tri·

108 806 213 871 stitiae
234 811 264 870 et
292 803 410 868 doloris
433 802 706 868 Mediolanensem
736 809 764 867 et
791 803 888 868 Gesta
911 802 1059 868 Federici
1074 804 1104 867 I.
1129 803 1222 884 impe-

106 893 227 958 ratoris
256 892 292 957 in
321 891 515 974 enpeditione
545 912 640 956 sacra
669 892 857 956 collectionis
885 891 1151 974 Codapnellianae
1174 913 1222 957 ea-

107 981 242 1065 scripsit,
277 983 361 1045 unde
394 980 461 1044 iam
496 979 655 1059 refellitur
688 982 772 1063 quod
801 981 839 1046 G.
860 982 906 1045 H.
926 981 1022 1046 Perta
1055 981 1220 1063 contendit,

107 1077 264 1136 auctorem
298 1069 493 1134 Gibellinnm
522 1089 588 1132 non
622 1068 806 1150 Uodopnelli
835 1069 981 1134 Annales
1010 1069 1221 1152 erscm'psisse,

105 1161 162 1224 sed
191 1165 357 1239 utrumque
387 1178 425 1222 eu
454 1157 610 1222 communi
639 1158 726 1237 fonte
748 1158 900 1238 lamisso,
928 1178 1021 1239 quam
1045 1157 1223 1239 opinionem

105 1249 196 1312 nulla
207 1247 332 1312 ratione
343 1245 406 1310 niti
418 1245 629 1311 demonstrari
637 1247 648 1285 ¹
662 1244 716 1310 ίΝ.
729 1247 861 1311 Arabio’
874 1246 911 1309 X
917 1248 975 1327 VI,
985 1269 1021 1328 p.
1035 1253 1222 1312 irs-285.

107 1338 193 1402 Sane
223 1334 346 1401 auctori
380 1334 537 1400 Gibellino
566 1334 770 1399 narrationes
798 1335 981 1418 Codapnelli
1010 1342 1136 1416 partem
1170 1339 1223 1402 ad-

105 1446 231 1490 uersam
248 1425 438 1490 celebrantes
455 1422 669 1504 displicebant,
693 1427 777 1489 unde
794 1445 902 1505 pauca
925 1445 963 1488 eu
984 1423 1027 1488 iis
1049 1425 1221 1507 euseripsit,

104 1520 136 1578 et
168 1534 249 1595 quae
288 1512 498 1593 Oodopnellus
532 1511 603 1576 odio
641 1519 808 1577 commotas
845 1520 956 1578 contra
992 1533 1080 1595 repes
1113 1513 1224 1596 stirpis

92 1602 258 1684 ‚Sueoicae
281 1600 453 1681 scripserat
476 1599 582 1664 omisit
604 1601 652 1665 uel
673 1601 815 1665 mutauit.

216 1692 296 1753 Tum
312 1689 510 1754 Franciscus
525 1689 686 1770 Prppiuus
700 1690 806 1769 frater
821 1689 945 1754 ordinis
960 1690 1222 1756 Praedicatorum

105 1777 331 1859 Bononiensis,
356 1777 411 1859 qui
433 1778 464 1858 I,
482 1784 583 1840 3—7.
627 1777 725 1843 Gesta
747 1778 896 1844 Federici
912 1780 942 1843 Ι.
966 1779 1169 1861 imperatoris
1186 1780 1224 1845 in

104 1867 300 1950 capeditione
334 1887 428 1932 sacra
462 1887 500 1930 ea
534 1866 709 1932 collectione
743 1866 926 1949 Oodapnelli
956 1868 1150 1950 conseruari,
1185 1890 1224 1933 eu

111 1956 296 2038 Codapnelli
323 1955 509 2020 Annalibus
537 1955 737 2020 Placentinis
766 1958 843 2020 duos
873 1956 1030 2038 loupiores
1059 1959 1140 2022 locos
1169 1958 1221 2038 II,

109 2052 159 2109 15.
184 2046 253 2108 243
275 2044 457 2125 excerpsit4.

217 2133 1223 2213 GaluaneusblammaMediolanensis,mendacissimusrerum

104 2222 304 2304 scriptorum,
335 2228 365 2285 et
392 2222 430 2286 iu
452 2222 626 2302 Mampulo
656 2224 773 2300 florum
802 2227 831 2285 et
858 2221 896 2286 iu
923 2221 1079 2287 Obronico
1102 2223 1223 2287 maiore

111 2310 296 2393 Oodapuelli
318 2311 456 2392 fabulas,
486 2311 583 2377 Gesta
602 2309 750 2375 Federici
766 2310 796 2373 I.
821 2310 858 2374 in
876 2309 1080 2391 Lombardia,
1106 2309 1222 2392 Codap·

105 2399 183 2462 nelli
206 2399 353 2463 Annales
382 2399 586 2464 Placentinos
617 2399 782 2480 suscripsit
790 2398 811 2479 ⁵,
847 2419 886 2463 en
914 2398 966 2462 lis
994 2398 1118 2479 quidem
1142 2421 1223 2482 pau·

107 2486 235 2552 cissima
259 2508 297 2551 ac
321 2487 462 2552 breviata
484 2494 673 2570 mutatoque,
704 2509 784 2568 quae
811 2494 915 2552 tamen
937 2508 1003 2551 non
1025 2486 1094 2552 sine
1116 2488 1223 2567 fructu

105 2575 258 2655 consului,
282 2575 427 2656 quamuis
447 2576 629 2640 Galoarceus
652 2576 786 2641 codicem
806 2575 990 2658 Oodapnelli
1010 2575 1218 2659 exscripserit,

105 2663 161 2745 qui
183 2664 250 2728 iam
272 2665 428 2728 nonnulla
449 2667 564 2729 menda
587 2665 703 2730 codicis
726 2665 827 2730 nostri
850 2665 1001 2730 Parisini
1023 2665 1163 2746 babebat,
1186 2672 1223 2729 ut

98 2775 135 2834 p.
154 2759 205 2833 67,
229 2775 262 2816 n.
278 2754 303 2816 f.
329 2776 351 2837 g
368 2754 487 2834 potem.

212 2843 256 2905 In
285 2840 454 2906 Obronicis
477 2842 676 2907 Placentinis
699 2842 859 2908 lobannis
888 2843 925 2907 de
947 2842 1095 2907 Mussis⁷
1116 2848 1146 2907 et
1168 2843 1220 2906 Io-

105 2931 226 2994 bannis
248 2929 435 3012 Apaccari⁸
457 2932 613 2995 nonnulla
637 2952 675 2996 en
703 2930 886 3013 Codapnelli
909 2931 1101 3013 Annalibus,
1120 2932 1221 3013 plura

107 3069 133 3135 1)
159 3069 233 3132 Quod
251 3085 282 3120 ne
300 3070 361 3135 quis
378 3071 475 3120 iterum
493 3071 522 3120 in
541 3071 651 3121 clabiam
669 3076 745 3135 coca,
770 3069 816 3122 boe
842 3071 895 3122 loco
919 3071 989 3122 addo
1006 3076 1139 3122 audmem
1157 3070 1222 3121 Plc-

104 3142 238 3191 centiuum
264 3140 313 3194 SS.
339 3140 449 3206 XVIII,
474 3157 503 3206 p.
524 3143 584 3206 469,
615 3141 631 3194 l.
651 3143 778 3195 33-35.
806 3143 885 3192 ctiam
911 3146 1056 3193 extremam
1082 3143 1222 3209 stropham

105 3210 228 3275 rbpthmi
254 3210 456 3276 Codapnelliaui
484 3214 553 3262 anni
577 3212 653 3267 1226.
682 3213 773 3276 (infra
796 3229 826 3279 p.
845 3215 893 3277 83)
920 3213 1099 3279 suscripsisse,
1127 3213 1222 3264 ibidem

107 3283 124 3334 l.
144 3283 233 3335 3-6.
255 3282 398 3348 pralopum
424 3283 563 3334 Gestorum
588 3282 725 3334 Friderici
741 3283 781 3336 II.
808 3285 844 3334 ad
869 3299 927 3334 eum
952 3283 1117 3349 formavisse,
1146 3299 1222 3350 quem

108 3352 282 3417 Codapnellns
294 3351 395 3403 libello
407 3355 534 3406 tristitiae
545 3360 568 3405 ct
580 3354 681 3405 doloris
693 3354 788 3418 (Gesta
800 3354 922 3406 chcrioi
932 3353 955 3406 I.
968 3371 998 3420 p.
1008 3355 1056 3414 24)
1069 3356 1220 3408 inseruerit.

105 3425 134 3486 2)
159 3423 239 3475 Gesta
256 3423 378 3475 Pederici
389 3425 412 3478 I.
428 3441 457 3492 p.
471 3427 513 3480 75.
604 3424 631 3493 3)
657 3425 805 3489 Muratori,
825 3423 873 3479 SS.
893 3424 925 3477 R.
945 3423 1008 3478 Ital.
1027 3424 1080 3490 IX,
1099 3426 1146 3478 col.
1160 3427 1220 3479 640.

106 3496 166 3547 644.
221 3497 249 3558 4)
270 3495 345 3558 onoc
363 3495 423 3546 bene
436 3496 550 3547 aduertit
562 3494 851 3547 Huillard·Brdbolles
866 3512 894 3561 p.
907 3494 983 3548 XLI.
1002 3501 1025 3546 et
1043 3501 1109 3548 recte
1126 3497 1222 3547 statuit

106 3565 135 3618 J.
154 3566 260 3629 Ficlccr,
283 3566 346 3630 Rep.
365 3567 481 3633 Imp.V,
507 3582 550 3619 nr.
564 3568 649 3620 370a.
674 3566 759 3630 447f,
784 3569 814 3616 iu
838 3567 916 3620 dnbio
940 3566 1048 3632 reliquit
1072 3582 1115 3620 nr.
1136 3566 1220 3620 438o.

105 3639 186 3700 4590,
204 3637 275 3702 quod
292 3638 401 3687 minime
418 3637 526 3688 dubium
545 3642 589 3690 est.
669 3638 697 3703 ὃ)
714 3637 818 3703 Manip.
837 3639 935 3702 florum
953 3640 1047 3692 o.189.
1066 3639 1220 3702 eol-264,

106 3706 254 3771 Merratari,
279 3706 327 3761 SS.
346 3708 380 3761 R.
399 3707 460 3761 Ital.
479 3708 531 3771 XI,
559 3708 603 3762 col.
622 3709 682 3763 643.
707 3709 874 3775 648-671;
900 3707 998 3761 Cbron.
1024 3710 1121 3773 mains,
1145 3709 1221 3760 ‘Mis-

104 3778 221 3829 eellanea
237 3779 267 3829 di
280 3780 366 3830 storia
378 3779 507 3830 Italiana’
520 3779 583 3843 VII,
598 3796 628 3845 p.
639 3780 792 3835 roe-773.
866 3777 893 3848 6)
913 3779 953 3843 Of.
967 3781 1046 3831 etiam
1058 3796 1088 3845 p,
1098 3781 1142 3846 44,
1160 3796 1186 3837 n,
1197 3795 1221 3832 o.

106 3849 141 3899 In
154 3848 253 3902 Chrou.
266 3851 367 3901 maiore
382 3867 411 3916 p.
421 3852 481 3916 508,
500 3850 547 3900 ubi
558 3850 641 3900 libros
654 3849 787 3902 adhibitos
798 3855 917 3913 naemei,
931 3850 1082 3916 Oodcpndli
1096 3851 1221 3903 collectio-

105 3935 164 3970 nem
178 3920 253 3974 Galo.
272 3921 397 3972 Flamma
415 3922 530 3985 fortasse
547 3922 618 3972 dixit
636 3919 779 3973 (ironicam
797 3920 911 3972 mixtam
930 3936 964 3973 ex
982 3920 1076 3990 tribus,
1096 3937 1177 3988 quam
1195 3937 1221 3972 se

105 3992 194 4056 ipsum
208 3992 343 4057 possidere
361 3992 438 4057 dixit,
466 3994 496 4042 in
513 3992 619 4058 Manip.
638 3994 737 4056 florum
755 4006 775 4044 c.
791 3999 814 4046 1.
834 3992 990 4057 Oodapndli
1006 3992 1105 4043 librum
1124 3994 1219 4046 omisit.

107 4061 133 4127 7)
150 4061 296 4125 Muraiori,
315 4062 362 4116 SS.
375 4063 409 4116 R.
423 4063 486 4116 Ital.
499 4062 579 4127 XVI,
599 4063 645 4116 col.
657 4064 709 4117 451
723 4078 777 4128 sqq.
831 4064 859 4129 8)
877 4062 952 4113 Inter
967 4063 1140 4115 Mourimeuta
1158 4063 1220 4114 bist.

104 4133 143 4183 ad
156 4135 312 4198 prouincias
324 4133 493 4185 Parmensem
509 4139 532 4184 et
544 4133 727 4184 Placentinum
735 4134 899 4200 pertinentia
911 4133 967 4199 III,
982 4136 1065 4199 7-9,
1081 4151 1109 4201 p.
1124 4135 1219 4189 1—76.

106 4203 140 4252 ab
158 4205 192 4256 A.
205 4204 317 4254 Bonara
336 4206 484 4256 miserrime
503 4205 602 4255 editum
620 4210 657 4256 est
675 4205 723 4255 boo
739 4204 880 4255 chronicon
893 4204 1009 4256 Parmae
1022 4206 1099 4260 1862.
1130 4204 1220 4255 Huius

106 4273 246 4325 chronicon
265 4274 367 4326 breoim
385 4277 468 4326 trium
481 4275 631 4326 Annalium
643 4276 858 4326 Placentinorum
871 4275 1002 4326 dictmum
1020 4276 1101 4328 usum
1112 4277 1220 4327 ininora

106 4351 229 4410 eucarpio
249 4346 324 4396 babet
342 4362 423 4412 quam
440 4346 574 4398 Iohannes
592 4347 624 4398 de
642 4346 756 4413 Mussis,
782 4350 898 4398 attamen
922 4347 1001 4397 etiam
1027 4347 1094 4399 locos
1119 4347 1219 4397 abillo

106 4417 215 4467 omissos
228 4416 344 4482 praebet

160 4520 313 4570 Oodegnellue.
977 4520 1009 4574 Π
