2962 4936
223 440 275 494 110
351 435 543 492 IOHANNIS
562 436 808 492 GODAGNELLI
825 437 1007 494 ANNALES
1025 439 1061 496 A.
1076 443 1154 497 1231.
1174 442 1254 496 1232.

124 627 201 681 1231.
221 621 379 705 dirigere,
397 621 638 685 celsitudinem
655 624 690 686 et
702 622 943 687 excellentiam
958 644 1055 686 suam
1071 626 1108 687 et
1123 624 1340 688 maiestatem

220 711 346 773 humili
369 731 451 774 voce
476 714 512 774 et
542 711 781 774 attentissimis
811 711 970 795 precibus
1000 715 1191 789 exorantes,
1226 712 1339 794 ipsum

220 800 326 863 etiam
356 800 551 863 omnimode
578 800 792 878 inducentes
828 805 869 863 ut
898 801 947 864 sic
977 805 1100 884 agere³
1135 804 1170 865 et
1200 821 1340 884 operam

220 890 398 952 efficacem
421 890 608 971 prestare⁸,
639 909 683 952 ne
713 890 901 973 imperator
931 890 975 953 ad
998 889 1195 955 Lonbardie
1223 892 1340 972 partes

219 977 329 1060 possit
351 998 415 1042 nec
440 977 565 1040 debeat
596 998 672 1040 cum
698 978 850 1042 exercitu
875 979 1049 1042 accedere.
1096 978 1374 1061 significantess

219 1065 261 1142 ei,
295 1067 324 1129 si
354 1067 419 1130 hoc
442 1065 557 1130 facere
581 1070 803 1149 presumeret,
835 1067 927 1150 quod
956 1067 1178 1130 incomodum
1208 1068 1339 1151 pariter

219 1157 255 1218 et
279 1155 526 1219 detrimentum
548 1155 702 1219 Romane
733 1161 849 1240 posset
878 1156 958 1219 inde
990 1156 1153 1238 consequi
1183 1155 1337 1233 ecclesie,

220 1236 295 1326 [sib]
320 1263 398 1307 cum
423 1244 576 1308 exercitu
600 1264 661 1308 suo
692 1245 737 1307 ad
760 1245 942 1326 ¹civitatem
964 1244 1104 1309 Ravene
1126 1245 1336 1310 accessisset.

241 1438 520 1521 Colloquium
543 1440 892 1529 imperatorisin
917 1440 1106 1504 civitate
1128 1440 1311 1505 Ravene.

324 1563 455 1628 Eodem
477 1568 633 1648 tempore
658 1567 694 1628 et
709 1565 746 1627 in
762 1565 882 1628 eadem
897 1565 1135 1628 incarnatione
1152 1565 1338 1629 Federicus
1357 1587 1379 1624 ιο

216 1652 448 1716 Romanorum
484 1654 673 1736 imperator
707 1654 832 1716 statuit
866 1653 1077 1736 colloquium
1111 1655 1337 1737 archiepisco-

216 1762 355 1825 porum,
396 1743 649 1825 episcoporum,
689 1742 871 1819 abbatum,
910 1743 1119 1826 principum,
1159 1744 1335 1821 comitum,

217 1831 464 1907 marchionum,
496 1831 663 1894 baronum
695 1834 731 1894 et
761 1831 907 1894 aliorum
930 1831 1082 1894 virorum
1105 1831 1277 1895 nobilium
1300 1833 1338 1895 in

112 1939 168 1981 na,
178 1942 197 1978 1.
217 1919 359 1982 civitate
374 1919 514 1984 Ravene
529 1920 567 1982 in
582 1921 673 1983 festo
694 1920 847 1982 omnium
871 1923 1079 1984 sanctorum.
1115 1919 1203 1984 Cum
1220 1923 1337 1984 autem

216 2008 309 2071 idem
341 2008 528 2090 imperator
557 2009 766 2092 percepisset
800 2009 933 2072 dictum
961 2008 1170 2092 colloquium
1200 2010 1337 2094 integre
1356 2029 1378 2068 15

217 2096 390 2160 celebrare
420 2097 561 2161 minime
590 2117 689 2181 posse
712 2100 852 2181 propter
874 2096 1014 2160 illorum
1042 2098 1246 2176 absentiam,
1279 2100 1337 2182 qui

215 2185 283 2268 ipsi
306 2185 478 2268 colloquio
502 2187 663 2250 accedere
687 2185 871 2263 debebant,
896 2187 1148 2250 communicato
1172 2188 1336 2252 conscilio

215 2276 414 2358 prorogavit
437 2275 648 2358 colloquium
671 2296 779 2358 usque
803 2276 847 2338 ad
870 2276 1023 2338 medium
1047 2276 1224 2339 Martium.
1261 2276 1336 2356 Quo

214 2364 310 2427 facto
333 2365 426 2427 idem
449 2365 637 2447 imperator
667 2364 764 2429 dedit
793 2364 829 2426 in
861 2365 1034 2427 mandatis
1058 2365 1334 2450 archiepiscopis,

97 2473 130 2523 af.
139 2474 197 2517 10³0.
216 2453 394 2537 episcopis,
420 2453 613 2530 comitibus,
639 2453 836 2529 baronibus,
861 2453 1075 2537 principibus
1099 2452 1150 2518 *et
1172 2455 1257 2517 viris
1280 2476 1337 2518 no·
1353 2476 1378 2514 ro

215 2541 353 2619 bilibus,
384 2544 425 2604 ut
449 2543 493 2605 ad
516 2544 711 2626 predictum
733 2542 920 2606 terminum
945 2543 989 2606 ad
1011 2542 1101 2605 illud
1124 2543 1336 2625 colloquium

216 2632 378 2695 accedere
402 2630 577 2695 deberent.
625 2631 669 2694 In
700 2632 776 2714 ipsa
804 2651 885 2695 vero
916 2631 1058 2695 civitate
1089 2652 1221 2695 moram
1251 2633 1336 2697 tecit

215 2740 277 2802 per
298 2722 410 2783 totam
432 2740 575 2804 yemem.

216 2895 494 2979 Colloquium
528 2901 747 2961 rectorum
779 2896 1026 2961 Lonbardie
1061 2900 1103 2962 et
1136 2899 1337 2962 cardina-

472 2985 575 3048 lium
598 2987 642 3049 in
666 2987 853 3051 civitate
878 2986 1083 3050 Bononie.
1355 3007 1379 3046 as

118 3090 195 3144 1232.

131 3160 195 3199 rar.
321 3110 440 3174 Mense
474 3131 554 3174 vero
589 3111 744 3194 proximo
779 3111 958 3175 Februarii
993 3110 1178 3174 cardinalis
1218 3115 1336 3176 sancte

215 3197 377 3262 ecclesie⁰
398 3198 546 3263 Iacobus
562 3195 790 3264 Penestinus‘1
817 3200 997 3282 episcopus
1021 3198 1175 3263 electusl
1199 3204 1235 3264 et
1252 3200 1336 3265 Otto

215 3287 312 3350 tituli
346 3288 465 3353 Sancti
498 3289 661 3353 Nicholai
703 3289 741 3351 in
777 3287 921 3352 Carcere
955 3288 1102 3351 Tuliano
1138 3289 1335 3365 cardinalis,

214 3378 338 3440 summi
368 3379 541 3461 pontificis
571 3377 689 3460 legati,
721 3398 824 3460 super
853 3377 1036 3440 concordia
1065 3377 1274 3460 inquirenda
1302 3381 1337 3441 et

214 3468 440 3550 conponenda
469 3467 562 3531 inter
591 3467 795 3531 Federicum
823 3465 1057 3529 Romanorum
1090 3466 1380 3549 imperatoremm

214 3559 249 3618 et
279 3555 480 3619 Lonbardos
511 3556 703 3619 Bononiam
737 3556 965 3619 accesserunt.
1013 3553 1081 3633 Qui
1115 3575 1193 3618 cum
1228 3559 1337 3620 recto·

213 3643 308 3707 ribus
333 3644 507 3707 societatis
531 3644 726 3708 Lonbardie
750 3645 787 3706 in
810 3643 890 3706 Kal.
915 3643 1035 3705 Martii
1058 3642 1272 3726 colloquium
1300 3645 1337 3706 in

213 3732 289 3815 ipsa
313 3736 512 3795 statuerunt
535 3732 686 3810 civitate,
712 3733 834 3796 dantes
857 3732 895 3794 in
918 3733 1091 3794 mandatis
1114 3753 1176 3816 per
1191 3734 1336 3798 nuntios

214 3840 293 3882 suos
327 3820 519 3883 rectoribus
553 3821 822 3903 uniuscuiusque
858 3820 1009 3884 civitatis
1040 3821 1218 3885 societatis
1248 3822 1336 3886 Lon-

214 3907 343 3984 bardie,
367 3908 468 3970 utin
492 3910 611 3974 eodem
634 3911 783 3974 termino
807 3910 852 3973 ad
874 3909 965 3972 illud
989 3930 1067 3973 cum
1083 3910 1164 3973 viris
1187 3912 1337 3994 pruden·
1355 3933 1381 3973 a

213 4097 235 4147 a)
249 4099 280 4137 sic
293 4109 310 4140 c.
364 4099 388 4146 b)
401 4098 420 4136 si
434 4099 506 4148 suppl.
521 4099 600 4143 Η,-Βν.
655 4099 676 4149 c)
696 4098 758 4143 card,
771 4100 857 4139 scicilie
871 4103 884 4152 ζ
900 4098 941 4150 (et)
954 4110 988 4144 οη·
1008 4096 1133 4138 cardinales
1147 4104 1225 4140 sancte
1240 4102 1336 4142 ecclesie

213 4151 310 4197 H.·Br.‚·
328 4149 454 4191 cardinales
468 4153 554 4192 scilicet
566 4154 643 4202 Pcrtz;
661 4153 754 4193 Interim
776 4150 820 4192 duo
839 4149 963 4193 cardinales
981 4153 1066 4191 scilicet
1084 4152 1130 4195 Iac.
1143 4154 1208 4194 Galo.
1221 4155 1336 4204 Flamma,

213 4205 297 4255 Μαηὶρ.
311 4216 329 4244 c.
340 4206 390 4256 2643
410 4216 457 4243 cum
472 4207 494 4243 in
508 4207 571 4245 libris
584 4208 645 4245 illius
658 4207 760 4255 torporis
773 4218 880 4256 nmquam
893 4206 941 4254 fere
954 4206 1041 4246 scilicet
1050 4207 1123 4255 plenis
1136 4207 1216 4246 littaris
1229 4209 1336 4258 amptum

212 4259 248 4307 ait,
259 4259 365 4307 praefero
379 4260 521 4298 coniecturam
537 4261 564 4298 ab
577 4260 658 4303 H,-Br.
669 4261 816 4309 propositam.
872 4259 895 4307 d)
908 4260 939 4298 aie
952 4270 970 4302 e.

214 4418 241 4483 1)
262 4418 434 4472 Phaocntinus
451 4436 464 4473 c
481 4426 555 4486 pente
571 4421 603 4473 da
620 4421 763 4480 Peccrara,
782 4420 909 4478 Pallam,
