2962 4936
217 427 253 480 48
378 421 570 478 IOHANNIS
588 421 834 477 OODAGNELLI
853 421 1033 476 ANNALMS
1051 422 1086 478 A.
1101 425 1179 479 1215.

122 615 199 669 1215.
219 608 373 692 proximo
396 606 555 690 sequenti
578 605 774 670 Placentini
803 609 876 669 tam
906 606 1035 671 milites
1065 626 1169 688 quam
1193 606 1337 688 pedites,

219 697 370 781 exceptis
393 695 563 759 militibus
587 698 622 759 et
645 695 820 779 peditibus
844 695 886 759 de
910 698 1011 778 porta
1025 695 1124 759 Nova
1148 699 1183 760 et
1203 695 1338 778 deripe

219 786 315 862 Padi,
347 785 407 867 qui
430 785 591 848 domum²
619 805 680 868 pro
711 784 868 848 custodia
899 786 1149 860 remanserunt,
1181 784 1338 848 exierunt

219 875 396 938 civitatem
420 877 456 937 et
483 894 560 937 cum
584 872 901 936 Mediolanensibus
926 866 1065 956 [apudbl
1091 873 1337 937 Bardoneziam

100 988 199 1028 nausa.
218 963 362 1028 fuerunt
386 962 656 1026 castramentati.
695 960 776 1025 Alia
799 961 855 1025 die
874 962 972 1024 iuxta
991 964 1139 1026 castrum
1160 961 1338 1026 Bosonssii
1360 981 1372 1019 ⁵

219 1071 282 1116 sua
304 1053 454 1116 fixerunt
476 1051 637 1127 tentoria,
669 1052 760 1133 quod
790 1053 940 1114 castrum
964 1051 1151 1134 plurimum
1175 1055 1250 1115 erat
1272 1051 1338 1114 for·

218 1141 389 1205 tissimum
419 1140 549 1223 pariter
579 1143 615 1204 et
644 1139 817 1202 munitum
847 1143 942 1203 turre
972 1161 1107 1222 magna,
1138 1160 1237 1203 muro
1272 1140 1338 1203 for·

219 1230 352 1294 tissimo
382 1228 571 1293 vallatum⁰
601 1231 637 1292 et
666 1229 806 1292 fossatis
840 1228 975 1310 magnis
1007 1233 1111 1311 atque
1146 1228 1337 1312 profundis.

219 1319 419 1383 Predictum
442 1338 523 1382 vero
547 1325 696 1382 castrum
722 1317 918 1380 Placentini
946 1337 1023 1380 cum
1055 1318 1213 1401 predaria
1242 1317 1337 1380 illico

221 1410 506 1492 expugnaverunt
530 1410 566 1471 et
585 1428 662 1470 cum
680 1406 859 1487 manganis
876 1409 912 1470 et
928 1407 1095 1489 predariis
1111 1409 1214 1489 atque
1231 1406 1337 1489 gattis
1357 1427 1380 1464 ιο

220 1501 256 1562 et
279 1497 400 1561 castris
423 1495 623 1580 lignaminis
654 1498 690 1558 et
713 1495 790 1558 aliis
814 1495 983 1559 machinis
1007 1495 1050 1558 ad
1073 1495 1163 1558 illud
1187 1498 1336 1559 castrum

219 1585 447 1650 obsidendum
476 1584 684 1649 mirabiliter
707 1604 742 1648 se
773 1587 991 1667 paraverunt.
1033 1584 1197 1648 Videntes
1221 1587 1337 1647 autem

218 1674 407 1750 intrinseci,
432 1674 550 1756 quiin
574 1675 649 1757 ipso
672 1675 785 1737 castro
809 1674 963 1749 aderant,
988 1692 1118 1737 senon
1142 1693 1239 1757 posse
1263 1672 1337 1736 Pla·

220 1764 367 1828 centinis
390 1762 549 1827 resistere
572 1782 635 1826 nec
658 1762 747 1824 illud
772 1765 924 1826 castrum
949 1763 1145 1838 defendere,
1178 1760 1246 1825 alia
1271 1761 1335 1837 die,

101 1879 199 1919 nara.
218 1853 351 1917 scilicet
375 1851 431 1916 die
447 1850 601 1926 Veneris,
633 1852 764 1914 dictum
789 1855 938 1915 castrum
969 1851 1136 1934 potestati
1160 1851 1337 1914 Placentie
1357 1870 1380 1908 n

101 1968 200 2007 narrar.
218 1941 455 2017 reddiderunt,
495 1943 531 2004 et
568 1940 638 2004 alia
672 1940 728 2004 die
763 1940 957 2004 Placentini
992 1940 1080 2002 illud
1117 1942 1267 2003 castrum
1302 1943 1337 2003 et

219 2029 494 2094 Mediolanenses
518 2029 763 2093 destruxerunt
786 2032 822 2092 et
841 2029 1022 2093 diruerunt
1045 2033 1081 2092 et
1105 2028 1337 2092 conbuserunt

110 2144 199 2194 *aaa
220 2117 271 2182 *et
300 2119 564 2202 dissipaverunt.
610 2118 654 2180 In
683 2118 759 2201 ipsa
789 2121 905 2181 antem
936 2118 1155 2200 expeditione
1186 2120 1336 2181 castrum

217 2208 288 2271 fnit
312 2210 451 2291 captum
475 2207 615 2290 Nigrini
644 2210 680 2271 et
710 2207 926 2283 conbustum,
960 2211 996 2270 et
1029 2207 1140 2270 multa
1170 2206 1238 2270 alia
1261 2206 1337 2270 loca

218 2297 255 2360 in
278 2297 349 2360 illis
372 2297 529 2381 partibus
547 2297 692 2361 fuerunt
708 2296 886 2360 conbusta.
925 2296 969 2358 In
985 2316 1052 2378 qno
1070 2300 1182 2359 castro
1198 2295 1336 2378 Nigrini
1355 2317 1380 2355 ro

218 2387 316 2451 fuere
347 2386 439 2450 circa
465 2385 534 2448 XX
564 2385 730 2460 homines,
762 2385 821 2467 qui
850 2384 940 2448 illud
971 2384 1223 2448 custodiebant.
1270 2384 1360 2447 Die'

102 2495 299 2544 nescivero
330 2475 503 2539 dominica
532 2474 688 2558 proxima
718 2474 875 2556 sequenti
898 2473 1175 2537 Mediolanenses
1203 2476 1239 2536 et
1262 2472 1336 2536 Pla·

219 2564 350 2628 centini
366 2564 456 2626 circa
470 2563 713 2626 Revorscalam
729 2582 792 2625 sua
814 2562 974 2625 similiter
996 2564 1186 2645 posuerunt
1209 2564 1335 2636 castra;

219 2652 311 2736 quod
335 2672 433 2715 muro
455 2651 540 2714 forti
565 2654 600 2715 et
619 2651 760 2714 fossatis
776 2653 812 2714 et
827 2651 931 2734 podio
947 2650 1115 2714 altissimo
1132 2655 1167 2715 et
1182 2651 1336 2714 turribus

219 2741 353 2822 magnis
384 2743 459 2803 erat
489 2740 662 2803 munitum
691 2741 727 2802 et
757 2740 1023 2814 circumdatum;
1060 2740 1191 2803 dictum
1219 2742 1336 2803 autem
1354 2760 1379 2800 a

219 2834 371 2894 castrum
387 2828 664 2892 Mediolanenses
680 2831 716 2892 et
732 2827 926 2892 Placentini
948 2829 1088 2893 fortiter
1111 2829 1167 2893 die
1183 2833 1219 2892 et
1235 2832 1336 2892 nocte

220 2938 297 2982 cum
328 2917 508 3000 manganis
531 2920 575 2982 'et
604 2917 771 3001 predariis
804 2921 839 2981 et
868 2919 975 3002 gattis
1009 2921 1044 2982 et
1067 2918 1144 2981 aliis
1168 2918 1335 2982 machinis

220 3008 505 3090 expugnaverunt
528 3010 564 3071 et
588 3011 894 3088 mangauaverunt,
928 3013 964 3070 et
994 3010 1168 3071 steterunt
1190 3008 1226 3070 in
1251 3007 1336 3070 obsi·

117 3119 198 3160 maa
220 3096 322 3159 dione
352 3095 460 3179 ipsius
491 3096 595 3160 castri
625 3115 733 3178 usque
768 3096 812 3158 ad
844 3096 935 3160 diem
965 3095 1058 3159 Iovis
1088 3096 1178 3158 ΠΠ.
1210 3096 1335 3159 mensis

218 3185 324 3248 Iunii.
371 3183 623 3266 Cognoscentes
655 3192 772 3248 autem
802 3184 862 3266 qui
890 3185 927 3247 in
957 3185 1032 3267 ipso
1056 3187 1168 3249 castro
1192 3186 1336 3248 aderant
1355 3205 1380 3245 ro

218 3274 307 3337 illud
337 3275 523 3338 defendere
553 3274 694 3338 minime
725 3293 833 3356 posse,
866 3293 907 3337 ea
936 3273 992 3336 die
1023 3274 1155 3337 dictum
1186 3276 1335 3336 castrum

120 3385 200 3428 ruas.
219 3364 393 3427 communi
425 3363 604 3427 Placentie
638 3363 873 3436 reddiderunt,
910 3365 945 3426 et
979 3362 1049 3425 alia
1083 3363 1138 3426 die
1173 3362 1336 3425 Mediola-

219 3473 341 3517 nenses
371 3457 406 3516 et
431 3452 626 3516 Placentini
655 3451 744 3515 illud
767 3451 935 3514 radicitus
958 3451 1202 3515 destruxerunt
1226 3453 1261 3514 et
1285 3472 1336 3515 ex-

219 3542 448 3624 planaverunt
487 3544 523 3605 et
561 3541 745 3605 diruerunt
783 3543 820 3604 et
854 3540 1096 3603 conbuserunt.
1155 3540 1221 3603 Die
1255 3560 1336 3603 vero

123 3651 200 3694 ruas.
218 3631 355 3695 sabbati
385 3631 525 3694 domum
555 3630 744 3693 redierunt.
790 3628 1027 3692 Mxistentibus
1057 3632 1174 3692 tamen
1197 3628 1336 3692 Placen·
1355 3649 1379 3689 as

218 3719 302 3781 tinis
334 3721 370 3782 et
399 3718 717 3782 Mediolanensibus
746 3719 783 3780 in
813 3718 969 3801 predicta
999 3717 1228 3801 expeditione,
1260 3716 1336 3780 Ore-

219 3827 399 3870 monenses
429 3806 648 3871 intraverunt
678 3808 714 3869 in
745 3810 872 3870 terram
904 3810 1066 3883 nostram,
1103 3806 1337 3870 conbuserunt

219 3898 352 3979 partem
377 3895 557 3978 Sparoarie
581 3900 617 3960 et
639 3896 804 3959 Ronealie
828 3899 863 3959 et
887 3890 1047 3960 Albianid
1076 3899 1179 3978 atque
1204 3893 1335 3970 Casale,

218 3987 255 4048 et
283 4005 387 4047 naves
417 4005 535 4048 eorum
566 3985 744 4049 hominum
775 3985 979 4049 honeratase
1007 3988 1091 4047 tunc
1120 4004 1245 4048 venere
1275 4004 1337 4066 per

218 4073 352 4136 Padum
382 4073 456 4137 fere
486 4094 595 4156 usque
625 4074 670 4137 ad
700 4076 841 4157 pontem
872 4073 968 4137 Padi.
1022 4073 1089 4137 Sed
1124 4093 1189 4156 que
1221 4073 1336 4136 facere
1354 4095 1379 4133 a

218 4313 241 4368 a)
256 4317 287 4354 eie
300 4327 318 4358 c.
372 4315 395 4367 b)
408 4318 518 4367 supplem
538 4329 580 4360 orn.
595 4329 611 4360 c.
666 4316 687 4368 c)
701 4294 823 4365 emendant·
838 4316 921 4355 vallato
935 4327 953 4358 c.
1008 4314 1335 4364 d)eme1d.Palz.;albiae.,·

217 4370 391 4466 &exsuffla
398 4372 446 4410 elib.
457 4383 482 4421 p.
491 4372 542 4411 486:
558 4370 586 4412 de
596 4371 717 4421 Sparoerla
729 4371 771 4418 (aa
780 4371 836 4420 zm)
850 4375 873 4409 et
881 4369 1005 4409 Ronchalia
1014 4375 1037 4409 et
1045 4369 1147 4411 Albiano.
1192 4367 1214 4419 e)
1227 4369 1335 4408 honerare
