2962 4936
261 451 452 508 IOHANNIS
471 452 719 508 OODAGNELLI
737 452 918 508 ANNALES
937 454 971 510 A.
987 458 1064 512 1215.
1085 457 1162 510 1216.
1234 458 1268 511 53

147 636 192 699 ab
207 636 262 701 eis
279 635 565 701 Cremonensibus
582 635 731 719 cognito,
756 657 881 720 magno
903 637 1037 720 impetu
1061 642 1095 701 et
1119 637 1364 702 616116161215.

149 745 253 810 super
276 723 476 791 Oromenses
506 725 646 790 fortiter
677 728 859 789 currerunt
882 746 1007 809 eosque
1031 727 1134 790 etiam
1159 747 1267 809 usque

148 815 193 877 ad
229 812 349 879 Creme
384 817 512 878 rostras
546 815 757 898 fugaverunt
792 817 827 877 et
861 819 1076 878 sanaverunt.
1131 814 1267 879 Ibidem

147 901 278 967 milites
308 905 344 966 et
374 903 521 986 populus
546 902 666 967 Creme
697 903 822 966 acriter
853 907 889 966 et
911 903 1058 968 viriliter
1088 903 1268 968 611111016-

110 992 370 1055 amonensibus
399 993 652 1075 pugnaverunt.
699 991 792 1053 Dum
823 996 940 1056 autem
970 993 1018 1056 sic
1049 993 1092 1055 ad
1121 993 1266 1057 invicem

147 1080 288 1144 fortiter
310 1082 484 1145 certarent
515 1084 550 1144 61
580 1083 785 1164 pugnarent,
817 1080 938 1144 audita
967 1081 1010 1144 ab
1039 1081 1167 1145 eisdem
1192 1079 1267 1145 Cre·

148 1169 371 1233 monensibus
382 1189 465 1233 voce
481 1173 517 1233 et
532 1168 711 1233 intellecto
724 1189 816 1243 sono,
834 1169 926 1251 quod
938 1169 1128 1233 Mediolani
1140 1168 1267 1233 milites

147 1256 233 1322 illuc
272 1258 484 1322 accedebant
522 1258 652 1341 pariter
694 1261 729 1321 61
767 1258 1105 1341 appropinquabant,
1145 1258 1267 1340 ingens

148 1350 278 1412 tremor
301 1349 337 1411 et
360 1346 520 1411 similiter
543 1367 648 1430 pavor
672 1366 729 1410 eos
752 1346 905 1428 undique
928 1347 1064 1422 invasit,
1089 1351 1125 1410 et
1147 1347 1266 1409 statim

103 1457 131 1497 11
147 1438 247 1518 terga
258 1438 433 1500 vertentes
445 1435 564 1518 fugam
581 1435 769 1519 petierunt;
788 1455 872 1517 quos
886 1434 1085 1499 Cremenses
1102 1436 1266 1499 audacter

147 1524 292 1589 fuerunt
315 1524 425 1588 secuti
457 1527 492 1588 et
522 1524 564 1587 116
589 1524 637 1588 eis
661 1524 809 1606 amplius
834 1526 970 1587 centum
996 1522 1165 1587 militibus
1190 1522 1266 1588 Ore·

148 1633 250 1676 mone
278 1617 444 1695 ceperunt
474 1618 509 1676 et
539 1616 687 1695 quatuor
718 1613 875 1676 consules
906 1615 940 1676 et
970 1615 1118 1694 quatuor
1140 1612 1266 1676 vexilla

148 1701 339 1766 communis
353 1701 519 1766 Cremone
531 1721 594 1765 nec
607 1721 675 1763 non
693 1704 728 1764 et
739 1701 860 1764 tubam
877 1701 1036 1766 similiter
1051 1701 1264 1779 habuerunt;

148 1810 233 1874 quos
257 1790 366 1854 victos
390 1789 511 1855 Creme
536 1791 709 1853 duxerunt
733 1790 828 1853 etin
852 1810 986 1854 carcere
1010 1793 1209 1872 posuerunt.

101 1901 130 1941 11
255 1877 428 1942 MOOXV.
454 1898 569 1942 mense
588 1876 773 1942 Novembri
798 1900 962 1962 magnum
986 1879 1185 1943 conscilium
1211 1879 1265 1941 do·

148 1968 235 2031 mini
264 1967 471 2045 Innocentii‚
507 1967 632 2031 summi
661 1967 845 2050 pontificis,
880 1968 916 2030 in
940 1968 1095 2030 Romana
1126 1967 1265 2032 civitate

147 2057 219 2120 fuit
254 2056 475 2132 celebratum,
511 2057 603 2139 qnod
638 2056 707 2119 fuit
742 2057 919 2139 inceptum
948 2057 986 2118 in
1010 2062 1132 2120 octava
1155 2056 1266 2120 sancti
1286 2081 1340 2124 aa.
1351 2082 1382 2123 18.

148 2144 308 2223 Martini;
333 2145 378 2208 ad
401 2145 492 2228 quod
517 2145 712 2228 patriarche
736 2148 771 2209 61
787 2145 1035 2228 archiepiscopi
1052 2145 1265 2227 aliarumque

148 2232 372 2299 ecclesiarum
410 2232 536 2317 prelati
575 2253 636 2317 per
673 2233 824 2297 diversas
863 2237 899 2298 et
937 2236 1106 2297 extremas
1145 2234 1266 2295 mundi

100 2344 130 2383 ao
148 2323 305 2406 regiones
329 2323 372 2387 de
395 2327 558 2407 precepto
582 2325 617 2386 et
640 2323 821 2386 voluntate
845 2322 976 2386 domini
999 2321 1181 2405 apostolici
1204 2327 1261 2385 sea

148 2412 395 2476 coadunavere.
452 2410 656 2493 Ibidemque
691 2411 965 2476 Mediolanenses
1000 2416 1035 2474 61
1070 2410 1265 2474 Placentini

149 2503 186 2563 et
199 2500 309 2564 totius
326 2499 458 2565 *eorum
475 2501 583 2583 partis
599 2500 706 2582 legati
723 2503 758 2564 et
771 2499 1016 2564 Cremonenses
1032 2502 1068 2562 61
1080 2499 1264 2581 Papienses
1284 2521 1313 2569 *a
1323 2521 1369 2564 aaa.

149 2591 185 2652 et
206 2589 317 2652 totius
339 2608 457 2653 eorum
481 2589 589 2672 partis
613 2589 850 2653 ambaxatores
874 2590 916 2653 de
947 2589 1111 2651 mandato
1134 2587 1265 2651 domini

148 2696 237 2761 pape
260 2697 431 2762 perexere,
466 2681 644 2761 sperantes
675 2680 710 2742 et
740 2679 918 2742 credentes
949 2677 1163 2752 discordiam,
1199 2696 1264 2758 que

100 2786 130 2827 a
149 2768 203 2830 est
231 2765 324 2830 inter
347 2767 525 2831 dominum
549 2764 713 2830 Ottonem
738 2767 981 2851 imperatorem
1004 2770 1040 2830 et
1062 2765 1266 2829 Pedericum

149 2853 287 2919 Scicilie
309 2874 435 2937 regem,
460 2855 616 2919 acordari
640 2856 765 2920 debere
788 2856 918 2939 pariter
941 2859 976 2919 et
999 2854 1135 2938 pacisci.

255 2943 322 3008 Die
345 2964 425 3008 vero
449 2944 572 3007 Martis
592 2943 681 3006 IIII.
702 2945 781 3007 Kal.
806 2944 962 3007 Ianuarii
985 2944 1164 3027 episcopus
1188 2942 1265 3005 Par·
1284 2967 1376 3008 nasa

149 3030 299 3096 mensis1
321 3052 400 3096 cum
415 3035 532 3096 nostre
549 3033 699 3096 civitatis
723 3033 846 3116 legatis
871 3025 1067 3096 civitatemb
1088 3031 1265 3095 Placentie

149 3141 171 3184 a
192 3121 302 3184 Roma
324 3121 465 3185 veniens
488 3120 669 3185 voluntate
693 3125 729 3185 et
752 3124 915 3204 precepto
946 3121 1069 3184 summi
1092 3119 1265 3203 pontificis

103 3230 132 3270 oo
148 3208 327 3274 Placentie
351 3210 528 3274 civitatem
551 3210 594 3274 de
617 3210 803 3274 interdicto
827 3210 986 3273 extraxit.

255 3296 449 3362 MOOXVI.
480 3318 596 3362 mense
620 3299 775 3362 Ianuarii
796 3298 911 3361 Padus
934 3297 1073 3380 gelavit,
1101 3297 1152 3360 ita
1175 3296 1266 3378 quod
1286 3279 1364 3388 {julil

149 3386 306 3451 homines
341 3389 510 3452 currendo
545 3386 644 3451 ibant
678 3388 721 3451 ab
756 3407 826 3449 una
860 3389 958 3470 parte
987 3385 1061 3469 ripe
1090 3385 1267 3468 usquead

149 3473 286 3551 aliam²‚
327 3478 363 3540 et
398 3476 587 3550 dicebatur,
627 3477 719 3558 quod
753 3497 773 3538 a
808 3475 897 3538 buca
930 3474 1052 3538 taliata
1087 3473 1123 3535 in
1155 3473 1267 3537 iosum

149 3564 307 3629 homines
329 3565 525 3648 potuissent
547 3565 648 3628 ivisse
671 3586 733 3648 per
756 3564 884 3628 lectum
901 3563 988 3626 Padi
1003 3581 1105 3646 super
1121 3561 1267 3644 glaciem

103 3673 131 3713 a
150 3671 258 3735 nsque
288 3653 333 3716 ad
363 3655 504 3736 pontem
528 3652 711 3731 Cremonc;
748 3656 783 3717 et
812 3653 864 3715 ita
892 3653 962 3715 fuit
986 3651 1155 3735 perfidum
1179 3649 1268 3713 illud

150 3740 265 3823 gelu⁰,
302 3741 394 3824 quod
425 3742 534 3825 panis,
568 3743 644 3825 pira
674 3745 709 3807 61
739 3763 841 3826 poma
871 3745 906 3806 et
936 3740 1094 3823 aliaque
1118 3740 1268 3803 comede·

150 3829 279 3893 bantur
292 3830 350 3894 vix
373 3833 558 3914 potuerant
580 3831 689 3894 incidi
711 3851 775 3895 nec
798 3831 940 3907 comedi,
965 3831 1031 3892 nisi
1054 3829 1165 3912 primo
1188 3828 1268 3912 igne

150 4005 173 4094 ἲ)
185 4012 217 4095 lu
229 4002 340 4052 supplem
354 4013 397 4045 om.
409 4013 440 4052 e.,·
453 4004 481 4051 ef,
495 4004 557 4051 infra
566 4003 635 4052 1254,
649 4005 665 4043 l.
676 4003 708 4046 16.
718 4007 755 4046 etc.
803 4005 826 4051 b)
840 4005 883 4046 civ.
898 4003 959 4045 Plac.
972 4003 993 4044 1,
1005 4003 1019 4044 l.
1034 4002 1136 4043 abundat.
1186 4000 1206 4050 c)
1221 4001 1269 4039 zelu

165 4086 172 4099 .
195 4066 232 4099 ,0.

104 4212 134 4253 lo
153 4196 179 4264 1)
197 4196 296 4263 Opim
313 4198 350 4262 cf.
362 4204 466 4250 cartam
477 4199 578 4261 datam,
593 4203 622 4248 ut
634 4198 763 4262 traditur,
777 4197 837 4250 Dec.
848 4199 896 4262 233
916 4197 979 4262 Ray.
993 4197 1061 4263 Imp.
1072 4195 1104 4262 V,
1118 4211 1162 4248 nr.
1174 4196 1269 4249 12489.

150 4268 180 4336 2)
199 4267 241 4332 Of.
260 4268 367 4320 ailberti
382 4269 484 4321 Milioli
500 4268 582 4320 Liber
599 4269 631 4319 dc
655 4273 731 4334 lamp.
751 4283 770 4321 6.
784 4269 849 4332 215;
869 4269 941 4321 Ann.
960 4267 1053 4320 Parm.
1070 4282 1099 4331 p.
1113 4267 1178 4331 666;
1199 4269 1269 4319 Aac.

152 4338 288 4405 Granon.,·
312 4340 384 4394 Ana.
409 4345 455 4394 cot.
475 4341 583 4405 Mutia,
603 4339 752 4402 Muratori,
771 4337 819 4393 SS.
838 4338 890 4403 XI,
911 4338 955 4392 col.
969 4339 1003 4393 56
1011 4353 1021 4399 ,·
1045 4338 1117 4390 Anu.
1138 4336 1269 4402 Berpom.²

153 4408 239 4464 ‘nia
258 4411 289 4462 di
304 4416 338 4463 sl.
356 4411 429 4465 Ital)
451 4412 481 4475 V,
497 4412 599 4477 11224.
