2962 4936
183 119 218 172 74
344 113 535 169 IOHANNIS
554 110 801 167 consenum
818 109 1000 166 ANNALES
1019 110 1054 169 A.
1068 114 1147 170 1226.

86 305 164 360 1226.
182 299 284 364 tione¹
300 298 430 361 iuravit
458 298 711 360 sacramentum
734 295 912 377 regiminis
939 295 1091 360 civitatis
1114 296 1304 374 Placentie,

182 387 353 452 existente
375 385 514 450 domino
531 383 692 449 Guuzoue
707 384 746 446 in
760 384 968 448 Potentiuno
984 404 1046 468 per
1060 387 1271 470 potestatem
1282 385 1302 447 1.

80 492 135 540 Anr.
145 493 163 534 1.
182 476 249 539 Die
264 474 429 540 Mercurii
452 473 563 556 primo
586 473 713 537 mensis
732 472 862 558 Aprilis
877 473 1010 557 incepit
1031 474 1188 557 regimen
1212 475 1303 538 dicte

182 564 333 628 civitatis
356 563 544 627 Placentie.

182 741 242 804 De
281 739 508 823 colloquio
548 740 776 805 celebrato
815 739 864 803 ab
906 740 1173 823 imperatore
1213 761 1337 805 cums

183 828 1304 913 CremonensibusetParmensibusetPapieusibus

359 919 403 982 in
426 918 523 982 loco
546 918 682 1000 Burgi
706 918 859 982 Sancti
882 918 1128 1002 Dompnini.

423 1065 439 1122 1
465 1060 633 1124 Iuvoouto
657 1060 738 1123 Iesu
762 1058 910 1137 Christo,

462 1149 566 1213 Dicto
589 1147 686 1212 brevi
710 1167 813 1231 super
835 1149 902 1212 isto

464 1237 620 1316 Quedum
643 1238 763 1314 feram,
788 1240 829 1299 ut
852 1240 1033 1322 gesserunt

464 1326 709 1391 Cremonenses
734 1347 773 1390 ao
796 1327 956 1391 fecerunt

504 1415 583 1478 Suis
607 1420 706 1479 cuma
734 1414 948 1497 sequacibus.

421 1596 440 1653 2
466 1590 712 1659 Cremonenses
736 1615 813 1658 cum
838 1592 954 1676 Papia,

463 1676 577 1759 Quosb
602 1703 695 1746 nunc
719 1683 794 1746 odit
817 1680 1024 1758 Loubardio,

461 1770 688 1836 Affectabant
710 1771 947 1855 pretaxutnm²

461 1860 641 1925 Alumunis
664 1861 739 1924 fore
763 1862 890 1936 dutum,

502 1949 552 2013 Ut
575 1951 623 2014 sic
647 1952 788 2034 possent
812 1949 954 2013 destrui.

421 2133 440 2190 3
466 2127 579 2206 Quare
603 2148 758 2210 gressum
783 2127 990 2203 direxerunt,

462 2215 576 2280 Velud
601 2216 704 2279 multi
726 2216 828 2279 modo
850 2215 979 2291 ferunt,

464 2304 535 2368 *Ad
558 2307 749 2369 inmensam
773 2304 999 2382 maiestatem,

463 2392 689 2458 Obtineutem
712 2396 921 2477 potestatem

502 2482 624 2546 Totius
647 2482 784 2565 Apulie,

422 2664 442 2723 4
465 2660 697 2725 Louburdiam
721 2659 935 2742 pollicentes,

464 2750 603 2834 Ipsam³
624 2770 761 2832 quoque
783 2748 998 2826 inducentes,

461 2839 512 2904 Ut
533 2839 682 2902 intraret
704 2838 976 2912 Loubardorum,

464 2928 679 3012 Sapientium
704 2927 866 3002 virorum,

504 3016 665 3082 Confines
688 3016 725 3078 in
748 3015 914 3099 proximo.

421 3199 440 3258 5
465 3196 660 3278 Imperator
682 3194 748 3257 hoc
772 3193 892 3258 audito

462 3284 508 3346 Et
532 3285 705 3348 confixus⁰
734 3303 774 3348 eo
799 3283 892 3345 dioto

462 3372 544 3436 Mox
566 3372 698 3455 incepit
721 3370 884 3437 advenire

465 3459 551 3524 Cum
574 3462 691 3524 furore
715 3482 775 3525 sue
798 3460 848 3524 ire

503 3549 599 3613 More
623 3549 871 3614 Theothonico.
1463 3516 1471 3805 ἱ

181 3720 205 3773 a)
222 3724 235 3762 9
248 3733 266 3764 c.
320 3719 343 3771 b)
357 3722 412 3770 Quis
426 3733 443 3766 c.
497 3724 518 3768 c)
532 3723 546 3764 t.
560 3733 577 3764 e.
591 3720 693 3764 confisus.
706 3721 776 3764 Petne,

184 3884 210 3949 1)
230 3883 273 3946 Cf.
292 3882 349 3936 Ich.
369 3883 401 3934 de
419 3883 521 3934 Mneeis
538 3883 586 3935 col.
599 3883 653 3936 460
667 3907 698 3924 =
712 3883 855 3948 Apezznri
867 3898 896 3948 p.
909 3884 958 3950 243
976 3888 1080 3935 cartam
1098 3880 1215 3943 foederis
1233 3882 1305 3932 inter

183 3954 367 4007 Cremonenses
398 3959 421 4006 et
445 3956 590 4006 sociantem
615 3953 731 4004 militnm
755 3953 980 4020 Placentinorum,
1007 3953 1039 4008 L.
1058 3954 1213 4019 Aneyiano,
1241 3951 1303 4006 Ood.
1321 3961 1347 4004 so

182 4025 248 4093 dipl.
268 4025 386 4079 Oremon.
400 4025 424 4088 1,
440 4041 469 4091 p.
482 4026 535 4080 249
554 4042 601 4092 sq,
624 4040 669 4080 nr.
681 4025 742 4090 393,
762 4025 855 4075 datam
871 4026 1023 4077 Potentiam·
1039 4041 1065 4079 e.
1080 4025 1157 4078 1225.
1174 4023 1246 4092 Sept.
1260 4025 1303 4078 10.

182 4096 211 4166 2)
230 4096 293 4150 Scit.
311 4097 511 4150 Lembordiom.
584 4098 612 4163 3)
634 4096 698 4148 Scit.
715 4098 878 4148 maiestatem
895 4095 1032 4146 mederer·
1049 4094 1087 4148 ΙΙ.
