2962 4936
214 400 258 456 VI
662 396 893 454 PRAEFATIO.

213 581 435 663 475-5091,
459 579 514 646 nbi
537 579 675 662 eanosni,
699 578 778 660 qnid
799 578 878 644 tiber
892 580 1069 646 Parisinus
1092 578 1250 645 contineat
1260 581 1280 661 ²,
1306 587 1339 644 et

215 692 351 753 maenas
383 675 494 752 partes
533 668 608 749 eins,
642 667 834 749 praesertim
872 668 1058 748 sebniarnm
1095 669 1274 750 amplarum
1315 692 1338 733 a

221 759 410 841 Godaqnetto
433 757 676 839 compositarum
699 755 786 821 edidi
795 758 816 819 ³.
855 757 1083 823 Demonstram’
1106 757 1205 840 iaitnr
1228 778 1338 822 omnes

216 848 336 913 tibettos
365 846 481 912 oodiois
504 845 655 910 Parisini
684 847 724 910 ab
753 844 822 927 ipso
851 846 1040 928 Godaanetto
1063 868 1128 911 esse
1151 845 1338 927 compositos

215 936 276 1018 oet,
308 957 377 1001 anm
404 956 455 1000 eos
483 934 614 1000 aliunde
643 933 897 1015 transscriberet,
928 934 1109 1000 immntatos
1138 940 1337 999 retractatos-

215 1046 288 1107 qne,
316 1023 499 1089 Historiam
529 1022 671 1088 oidetieet
697 1023 984 1104 Lonqobardornm
1013 1024 1224 1104 fabntosam4,
1255 1024 1337 1087 Isto-

216 1113 303 1179 riam
319 1114 612 1195 Lonaobardornm
638 1111 697 1176 SS.
718 1112 823 1193 Lana.
841 1133 877 1193 p.
898 1119 958 1176 196
972 1133 1017 1194 sq.
1042 1112 1167 1193 editam,
1191 1111 1339 1176 manime

216 1223 255 1268 en
263 1209 360 1284 parte
375 1223 413 1266 en
425 1201 525 1266 Ponti
540 1199 670 1266 diaconi
681 1199 833 1264 Historia
845 1202 1132 1282 Lanyobardornm
1143 1206 1339 1282 excerptam·

222 1290 320 1356 Gesta
342 1288 492 1355 Federioi
508 1290 539 1353 Ι.
562 1288 600 1353 in
622 1288 821 1354 Lembardia
848 1296 974 1354 anetore
997 1289 1062 1355 eioe
1085 1287 1336 1369 Mediolanensi,

218 1381 256 1444 de
278 1379 391 1461 qitibns
413 1378 481 1444 iam
503 1398 603 1460 snpra
627 1376 705 1459 dini,
730 1398 810 1460 qnae
832 1377 900 1442 stiti
915 1378 967 1442 sni
981 1378 1124 1457 deseritis
1140 1384 1231 1459 atone
1246 1377 1338 1441 addi·

217 1468 365 1533 tamentis
380 1466 604 1533 commenticiis
620 1466 797 1547 adannerit,
819 1466 942 1531 titntnm
958 1489 1072 1531 noonm
1092 1466 1135 1532 iis
1150 1468 1339 1548 praedaens

217 1556 335 1621 Libetti
365 1555 515 1621 tristitiae
545 1561 574 1620 et
596 1555 715 1619 datoris
744 1555 827 1637 eto.⁵;
856 1561 920 1620 tnm
943 1556 1091 1621 Annales
1120 1555 1336 1636 Ptaoentinos,

218 1647 255 1711 de
277 1644 390 1726 qnibns
412 1646 513 1726 ntnra
541 1643 637 1723 infra
659 1642 794 1708 dicenda
817 1651 908 1724 snnt;
943 1644 1040 1710 Gesta
1063 1644 1212 1709 Federiei
1226 1644 1257 1707 Ι.
1281 1643 1338 1706 im-

215 1732 376 1815 peratoris
398 1733 435 1796 in
453 1731 650 1814 expeditione
672 1753 768 1797 saera
777 1733 802 1812 (ζ’
825 1732 922 1798 Gesta
943 1733 1116 1797 obsidionis
1131 1732 1336 1798 Damiatae⁷.

219 1822 328 1888 Sotnm
350 1821 388 1886 in
404 1820 498 1886 dnbio
521 1820 647 1902 retient,
673 1841 750 1884 nnn
773 1820 886 1885 rotatio
902 1824 939 1886 de
957 1823 1094 1886 ademta
1112 1829 1141 1886 et
1159 1821 1286 1887 nomine
1309 1827 1339 1885 et

219 1909 1337 1992 teatomoanaooadomm⁸,m0t09assaltonLeatsLonaooamomm,

219 1999 256 2063 in
273 1998 421 2064 entremis
444 1998 560 2064 eodiois
575 1997 727 2062 Parisini
749 1997 839 2078 sotiis
862 1998 982 2081 serenta
1000 1999 1040 2063 ab
1058 1998 1127 2080 ipso
1149 1999 1338 2081 Godaonetto

219 2110 264 2153 an
287 2089 326 2152 ab
349 2087 415 2151 atio
437 2089 573 2169 qnodam
588 2086 775 2152 Ptaoontine
798 2087 971 2152 ootteetioni
992 2086 1082 2151 dtins
1099 2088 1267 2154 snbinnota
1285 2087 1336 2151 sit.

325 2177 398 2241 Hos
427 2175 546 2241 tibettos
576 2197 681 2241 omnes
703 2198 766 2241 nno
790 2175 893 2242 eodiae
915 2176 1095 2242 eoninnetos
1117 2178 1157 2241 ab
1180 2197 1244 2241 nno
1266 2175 1339 2240 oiro

219 2265 428 2332 Ptaeentino⁹
456 2267 504 2331 oet
534 2265 715 2347 compositos
744 2266 792 2330 oet
824 2272 1010 2347 retractatos
1042 2287 1108 2330 esse
1141 2264 1339 2347 ooanoseitnr

219 2376 258 2420 en
281 2355 423 2420 oratione
445 2376 561 2437 eornm,
585 2353 712 2419 diaendi
734 2356 834 2436 modo,
859 2354 1014 2420 sermonis
1037 2359 1153 2419 ornotn
1175 2361 1239 2418 tarn
1262 2353 1339 2417 rndi

220 2464 316 2525 qnam
338 2450 534 2508 monstrnoso
558 2449 650 2524 atone
672 2443 809 2523 insot'to,
840 2450 876 2508 nt
905 2444 1112 2525 comprobari.
1159 2444 1339 2507 Iohannem

227 2532 452 2613 Godaonettnm
490 2532 573 2597 tinne
611 2531 716 2595 oirnm
753 2532 978 2597 Ptaoentinnm
1014 2532 1116 2612 fnisse
1154 2537 1287 2612 apparet
1323 2553 1340 2596 e

220 2620 362 2685 oersibns
392 2620 431 2684 ab
461 2619 529 2701 ipso
559 2619 744 2701 emnpositis,
775 2619 831 2701 qni
859 2620 949 2700 Η.
974 2620 1091 2686 oodiois
1118 2620 1269 2684 Parisini
1300 2621 1339 2684 te-

219 2715 357 2791 qnntnr:

312 2797 476 2863 Continet
498 2799 564 2863 iste
588 2798 676 2862 liber
699 2802 873 2882 gestarum
898 2799 1046 2883 plurima
1069 2819 1183 2864 rerum

312 2887 389 2951 Hoo
413 2888 501 2951 eitra
523 2891 670 2970 tempus,
695 2888 800 2951 latuit
824 2909 891 2971 quo
915 2894 1007 2952 terra
1030 2888 1094 2952 sub
1118 2888 1230 2965 undis,

223 3094 249 3162 1)
265 3095 377 3148 Praeter
393 3095 560 3148 Wthdmnm
578 3095 755 3158 Wattenbaeh,
776 3096 878 3160 ‘Deo’
897 3096 934 3150 ed.
949 3098 973 3150 6.
992 3096 1032 3161 H,
1050 3114 1076 3163 p.
1090 3098 1150 3151 324.
1165 3097 1217 3150 328
1227 3112 1274 3162 sq„
1293 3112 1339 3147 ne-

221 3168 319 3218 minem
332 3168 429 3231 inveni,
449 3169 497 3233 qni
508 3167 539 3219 de
551 3167 601 3218 hae
612 3183 670 3219 mea
683 3170 895 3220 commentatione
906 3167 1027 3220 retulerit
1039 3183 1128 3235 noane,
1147 3167 1217 3235 qnod
1229 3169 1338 3230 mirum,

221 3239 252 3289 tn
280 3237 415 3290 ‘Archino
441 3240 537 3290 storieo
564 3239 692 3291 Italiano’
717 3255 799 3305 neone
825 3241 855 3290 tn
883 3238 1018 3290 ‘Arontoto
1045 3241 1141 3291 storieo
1168 3238 1337 3292 Lembordo’.

221 3310 250 3376 2)
273 3309 346 3373 Qnod
369 3311 449 3360 otiam
467 3309 763 3362 Hndtard·Brthottes
784 3326 814 3376 p.
827 3311 847 3361 I
850 3309 1003 3364 V-XXII.
1023 3316 1046 3362 et
1071 3311 1175 3362 menius
1196 3310 1227 3363 G.
1243 3310 1338 3373 Waitz,

223 3380 267 3435 ‘N.
275 3379 442 3445 Arohto'IV,
448 3397 478 3446 p.
487 3383 600 3435 30-32.
611 3387 798 3447 exposuerunt.
848 3382 875 3447 3)
887 3380 1022 3444 Quadam
1034 3398 1074 3433 me
1081 3387 1182 3447 petente
1190 3382 1225 3434 K.
1233 3380 1339 3445 Hamae

217 3457 309 3516 posteo
324 3452 456 3518 supplevit
467 3451 511 3506 ‘N.
525 3452 633 3502 Arohto’
646 3452 760 3515 XXIII,
776 3469 804 3519 p.
818 3453 982 3506 400-403.
1036 3454 1064 3519 4)
1088 3452 1173 3515 Qnam
1185 3452 1338 3503 rotationem

222 3523 278 3587 ipse
302 3524 455 3590 insertpsit:
478 3520 579 3574 Istoria
604 3521 721 3589 qualiter
745 3521 907 3574 translatum
926 3525 968 3574 est
985 3521 1131 3590 imperium
1149 3521 1337 3575 Romanorum

223 3591 252 3643 in
264 3591 381 3644 Francia
393 3591 467 3659 apud
479 3591 671 3656 Teothonieos,
684 3594 782 3645 editam
795 3593 843 3647 SS.
856 3594 942 3658 Lana.
955 3612 982 3660 p.
993 3597 1044 3648 592
1054 3624 1085 3632 -
1094 3597 1155 3649 596.
1210 3594 1237 3660 5)
1255 3593 1339 3645 Gntns

223 3662 304 3715 lthdti‘
324 3669 417 3731 portes
441 3679 459 3714 a
478 3665 634 3730 Codeyndto
659 3665 767 3716 additas
789 3679 847 3715 oum
867 3665 954 3716 Gestis
971 3665 1129 3719 FederietI.
1149 3667 1219 3717 inter
1237 3665 1284 3718 SS.
1304 3665 1337 3718 Ε.

224 3734 312 3788 Germ.
331 3736 447 3790 α.1892.
468 3735 540 3786 edidi
553 3753 581 3802 p.
596 3738 669 3790 14-
680 3737 727 3802 64;
746 3735 781 3798 ef.
800 3737 833 3788 n.
852 3753 879 3801 p.
891 3737 909 3790 8
920 3751 959 3801 sq.
1039 3736 1065 3804 6)
1085 3737 1169 3788 Edita
1187 3752 1205 3786 o
1223 3752 1262 3788 me
1280 3750 1338 3786 enm

218 3804 366 3870 praedietis
385 3806 472 3857 Gestis
489 3806 611 3858 Federiei
631 3809 702 3857 inter
719 3805 767 3859 SS.
787 3806 820 3859 R.
836 3806 867 3859 G.
882 3807 959 3860 1892.
974 3822 1005 3871 p.
1019 3808 1144 3862 74-96,
1218 3808 1245 3875 7)
1267 3807 1339 3870 Qnee

222 3889 281 3926 enm
299 3876 332 3930 a.
352 3877 489 3941 Romam,
509 3877 603 3940 Quinti
619 3876 682 3928 betti
697 3878 772 3928 saort
791 3879 934 3943 sereniores
951 3879 1066 3929 minores
1083 3878 1290 3945 (wuormatiae
1307 3878 1339 3928 de

223 3946 250 3996 la
274 3946 367 3998 soeittt
388 3949 419 3999 de
444 3947 550 4000 t’ortent
570 3948 662 4012 Latin,
682 3947 756 3999 Sirio
780 3948 934 4014 histortqne’
944 3949 989 4007 II)
1003 3966 1033 4016 p.
1046 3951 1181 4006 73-115.
1200 3966 1259 4001 enm
1284 3949 1338 4000 atio

222 4017 307 4069 libello
324 4019 485 4083 confuderit,
510 4021 615 4083 tnteyra
636 4019 711 4070 edam
729 4019 778 4073 SS.
797 4019 906 4073 XXXI.
925 4036 984 4071 enm
1002 4020 1106 4072 Alberti
1122 4022 1225 4073 Mittoti
1240 4021 1340 4086 Regini

222 4087 307 4140 Libro
325 4089 356 4140 de
374 4090 542 4155 temporibus.
614 4091 642 4157 8)
662 4090 733 4142 Male
751 4091 821 4141 edita
839 4091 886 4145 SS.
906 4092 992 4156 Lana.
1007 4108 1038 4158 p.
1051 4094 1102 4146 597
1115 4109 1153 4159 sq.
1227 4091 1253 4159 9)
1273 4091 1336 4141 Pta-

222 4162 354 4211 rentinnm
366 4161 452 4224 fnisse
470 4168 584 4229 apparet
600 4168 732 4213 anetorem
745 4161 902 4226 fabulornm
919 4163 1001 4214 tentas
1013 4163 1078 4214 libri
1089 4165 1159 4228 (vide
1171 4163 1210 4213 ‘N
1209 4205 1215 4216 .
1228 4161 1337 4213 Aratrio'

223 4229 303 4294 XVI,
324 4247 354 4298 p.
368 4233 428 4286 313.
448 4234 509 4286 323.
528 4235 580 4287 325
593 4249 630 4298 sq.
650 4235 710 4288 329.
735 4235 802 4299 487)
826 4240 850 4285 et
872 4250 930 4285 enm
956 4236 1004 4301 qni
1022 4235 1101 4286 Gesta
1119 4232 1281 4285 Foderim’I.
1308 4234 1338 4283 in

222 4301 388 4354 Lomtardta
405 4303 594 4356 additamentis
611 4307 691 4355 ondit
708 4305 756 4369 (ef.
775 4305 809 4358 ib.
825 4322 854 4370 p.
866 4306 911 4369 42,
929 4322 957 4360 n.
969 4309 998 4372 23
1019 4305 1058 4359 W.
1077 4306 1109 4356 de
1128 4304 1291 4356 oratorem
1308 4304 1339 4355 in

223 4372 425 4441 ‘Forsehnnaen
442 4390 494 4425 zur
511 4374 658 4427 Dentsotren
678 4376 778 4430 Gesotr!
790 4377 871 4441 XXI,
885 4393 915 4443 p.
928 4379 981 4432 309
993 4392 1030 4442 sq.
1050 4379 1124 4439 313).
