<?xml version="1.0" encoding="UTF-8"?>
<!DOCTYPE html PUBLIC "-//W3C//DTD XHTML 1.0 Transitional//EN"
    "http://www.w3.org/TR/xhtml1/DTD/xhtml1-transitional.dtd">
<html xmlns="http://www.w3.org/1999/xhtml" xml:lang="en" lang="en">
 <head>
  <title>
</title>
<meta http-equiv="Content-Type" content="text/html;charset=utf-8" />
  <meta name='ocr-system' content='tesseract 3.04.00' />
  <meta name='ocr-capabilities' content='ocr_page ocr_carea ocr_par ocr_line ocrx_word'/>
</head>
<body>
  <div class='ocr_page' id='page_1' title='image "./iohanniscodagne00codagoog_0112.png"; bbox 0 0 2962 4936; ppageno 0'>
   <div class='ocr_carea' id='block_1_1' title="bbox 303 430 1261 492">
    <p class='ocr_par' dir='ltr' id='par_1_1' title="bbox 303 430 1261 492">
     <span class='ocr_line' id='line_1_1' title="bbox 303 430 1261 492; baseline 0.008 -8"><span class='ocrx_word' id='word_1_1' title='bbox 303 430 494 485; x_wconf 81' lang='lat' dir='ltr'><strong>IOHANNIS</strong></span> <span class='ocrx_word' id='word_1_2' title='bbox 512 430 759 486; x_wconf 71' lang='lat' dir='ltr'>consertum</span> <span class='ocrx_word' id='word_1_3' title='bbox 778 431 959 486; x_wconf 80' lang='lat' dir='ltr'><strong>ANNALES</strong></span> <span class='ocrx_word' id='word_1_4' title='bbox 978 432 1012 488; x_wconf 89' lang='lat' dir='ltr'>A.</span> <span class='ocrx_word' id='word_1_5' title='bbox 1027 435 1105 490; x_wconf 79' lang='lat'>1228.</span> <span class='ocrx_word' id='word_1_6' title='bbox 1225 439 1261 492; x_wconf 84' lang='grc'>87</span> 
     </span>
    </p>
   </div>
   <div class='ocr_carea' id='block_1_2' title="bbox 98 615 1429 3631">
    <p class='ocr_par' dir='ltr' id='par_1_2' title="bbox 141 615 1369 966">
     <span class='ocr_line' id='line_1_2' title="bbox 141 615 1358 697; baseline 0.005 -21"><span class='ocrx_word' id='word_1_7' title='bbox 141 615 255 696; x_wconf 91' lang='lat' dir='ltr'>ipsum</span> <span class='ocrx_word' id='word_1_8' title='bbox 285 618 406 678; x_wconf 88' lang='lat' dir='ltr'>contra</span> <span class='ocrx_word' id='word_1_9' title='bbox 435 636 535 679; x_wconf 90' lang='lat' dir='ltr'>usum</span> <span class='ocrx_word' id='word_1_10' title='bbox 566 619 602 681; x_wconf 89' lang='lat' dir='ltr'>et</span> <span class='ocrx_word' id='word_1_11' title='bbox 634 618 794 679; x_wconf 88' lang='lat' dir='ltr'>naturam</span> <span class='ocrx_word' id='word_1_12' title='bbox 828 617 1029 680; x_wconf 90' lang='lat' dir='ltr'>indecenter</span> <span class='ocrx_word' id='word_1_13' title='bbox 1065 618 1358 697; x_wconf 78' lang='lat' dir='ltr'>exercere¹;1228.</span> 
     </span>
     <span class='ocr_line' id='line_1_3' title="bbox 143 703 1369 786; baseline 0.008 -20"><span class='ocrx_word' id='word_1_14' title='bbox 143 703 297 786; x_wconf 82' lang='lat' dir='ltr'>*cognita</span> <span class='ocrx_word' id='word_1_15' title='bbox 321 704 459 786; x_wconf 91' lang='lat' dir='ltr'>quidem</span> <span class='ocrx_word' id='word_1_16' title='bbox 483 705 630 769; x_wconf 89' lang='lat' dir='ltr'>veritate</span> <span class='ocrx_word' id='word_1_17' title='bbox 655 705 922 769; x_wconf 72' lang='lat' dir='ltr'>destructionem</span> <span class='ocrx_word' id='word_1_18' title='bbox 940 705 1093 770; x_wconf 82' lang='lat' dir='ltr'><strong>Romane</strong></span> <span class='ocrx_word' id='word_1_19' title='bbox 1117 707 1260 773; x_wconf 80' lang='lat' dir='ltr'>ecclesie</span> <span class='ocrx_word' id='word_1_20' title='bbox 1280 736 1369 783; x_wconf 55' lang='lat' dir='ltr'>exose.</span> 
     </span>
     <span class='ocr_line' id='line_1_4' title="bbox 142 792 1260 874; baseline 0.005 -20"><span class='ocrx_word' id='word_1_21' title='bbox 142 792 272 874; x_wconf 88' lang='lat' dir='ltr'>pariter</span> <span class='ocrx_word' id='word_1_22' title='bbox 295 795 331 856; x_wconf 88' lang='lat' dir='ltr'>et</span> <span class='ocrx_word' id='word_1_23' title='bbox 353 794 462 856; x_wconf 88' lang='lat' dir='ltr'>totius</span> <span class='ocrx_word' id='word_1_24' title='bbox 486 793 590 857; x_wconf 90' lang='lat' dir='ltr'>Italie</span> <span class='ocrx_word' id='word_1_25' title='bbox 614 793 863 858; x_wconf 71' lang='lat' dir='ltr'>desolationem</span> <span class='ocrx_word' id='word_1_26' title='bbox 886 794 1081 859; x_wconf 89' lang='lat' dir='ltr'>omnimode</span> <span class='ocrx_word' id='word_1_27' title='bbox 1108 799 1260 861; x_wconf 82' lang='lat' dir='ltr'>statuere</span> 
     </span>
     <span class='ocr_line' id='line_1_5' title="bbox 143 881 1261 966; baseline 0.004 -22"><span class='ocrx_word' id='word_1_28' title='bbox 143 884 178 944; x_wconf 89' lang='lat' dir='ltr'>et</span> <span class='ocrx_word' id='word_1_29' title='bbox 202 881 361 945; x_wconf 86' lang='lat' dir='ltr'>ordinare</span> <span class='ocrx_word' id='word_1_30' title='bbox 384 883 600 965; x_wconf 85' lang='lat' dir='ltr'>proposuisse</span> <span class='ocrx_word' id='word_1_31' title='bbox 625 885 668 959; x_wconf 81' lang='lat' dir='ltr'>et,</span> <span class='ocrx_word' id='word_1_32' title='bbox 694 883 784 964; x_wconf 91' lang='lat' dir='ltr'>quod</span> <span class='ocrx_word' id='word_1_33' title='bbox 810 883 962 947; x_wconf 88' lang='lat' dir='ltr'>deterius</span> <span class='ocrx_word' id='word_1_34' title='bbox 992 885 1028 947; x_wconf 90' lang='lat' dir='ltr'>et</span> <span class='ocrx_word' id='word_1_35' title='bbox 1054 885 1193 966; x_wconf 86' lang='lat' dir='ltr'>gravius</span> <span class='ocrx_word' id='word_1_36' title='bbox 1216 885 1261 948; x_wconf 88' lang='lat' dir='ltr'>vi-</span> 
     </span>
    </p>

    <p class='ocr_par' dir='ltr' id='par_1_3' title="bbox 107 970 1261 1407">
     <span class='ocr_line' id='line_1_6' title="bbox 107 970 1259 1054; baseline 0.003 -21"><span class='ocrx_word' id='word_1_37' title='bbox 107 993 120 1032; x_wconf 81' lang='lat' dir='ltr'>s</span> <span class='ocrx_word' id='word_1_38' title='bbox 143 970 253 1046; x_wconf 77' lang='lat' dir='ltr'>detur,</span> <span class='ocrx_word' id='word_1_39' title='bbox 278 970 315 1032; x_wconf 93' lang='lat' dir='ltr'>in</span> <span class='ocrx_word' id='word_1_40' title='bbox 339 971 691 1035; x_wconf 83' lang='lat' dir='ltr'>excommunicatione</span> <span class='ocrx_word' id='word_1_41' title='bbox 712 992 773 1054; x_wconf 92' lang='lat' dir='ltr'>per</span> <span class='ocrx_word' id='word_1_42' title='bbox 788 974 858 1035; x_wconf 88' lang='lat' dir='ltr'>tres</span> <span class='ocrx_word' id='word_1_43' title='bbox 875 991 982 1034; x_wconf 90' lang='lat' dir='ltr'>annos</span> <span class='ocrx_word' id='word_1_44' title='bbox 998 993 1230 1054; x_wconf 85' lang='lat' dir='ltr'>perseverasse</span> <span class='ocrx_word' id='word_1_45' title='bbox 1239 975 1259 1050; x_wconf 77' lang='lat'>²,</span> 
     </span>
     <span class='ocr_line' id='line_1_7' title="bbox 142 1058 1261 1145; baseline 0.004 -24"><span class='ocrx_word' id='word_1_46' title='bbox 142 1058 263 1122; x_wconf 90' lang='lat' dir='ltr'>habito</span> <span class='ocrx_word' id='word_1_47' title='bbox 298 1079 433 1142; x_wconf 92' lang='lat' dir='ltr'>quoque</span> <span class='ocrx_word' id='word_1_48' title='bbox 462 1060 624 1123; x_wconf 91' lang='lat' dir='ltr'>conscilio</span> <span class='ocrx_word' id='word_1_49' title='bbox 655 1060 806 1123; x_wconf 88' lang='lat' dir='ltr'>virorum</span> <span class='ocrx_word' id='word_1_50' title='bbox 836 1061 1031 1144; x_wconf 88' lang='lat' dir='ltr'>sapientum</span> <span class='ocrx_word' id='word_1_51' title='bbox 1062 1064 1097 1125; x_wconf 94' lang='lat' dir='ltr'>et</span> <span class='ocrx_word' id='word_1_52' title='bbox 1127 1062 1261 1145; x_wconf 85' lang='lat' dir='ltr'>religio·</span> 
     </span>
     <span class='ocr_line' id='line_1_8' title="bbox 142 1149 1261 1231; baseline 0.002 -21"><span class='ocrx_word' id='word_1_53' title='bbox 142 1167 267 1224; x_wconf 77' lang='lat' dir='ltr'>sorum,</span> <span class='ocrx_word' id='word_1_54' title='bbox 300 1169 378 1211; x_wconf 91' lang='lat' dir='ltr'>cum</span> <span class='ocrx_word' id='word_1_55' title='bbox 408 1152 480 1211; x_wconf 88' lang='lat' dir='ltr'>tam</span> <span class='ocrx_word' id='word_1_56' title='bbox 511 1169 634 1231; x_wconf 84' lang='lat' dir='ltr'>magne</span> <span class='ocrx_word' id='word_1_57' title='bbox 664 1149 818 1230; x_wconf 88' lang='lat' dir='ltr'>nequitie</span> <span class='ocrx_word' id='word_1_58' title='bbox 848 1169 888 1212; x_wconf 89' lang='lat' dir='ltr'>ac</span> <span class='ocrx_word' id='word_1_59' title='bbox 912 1150 1054 1231; x_wconf 86' lang='lat' dir='ltr'>perfidie</span> <span class='ocrx_word' id='word_1_60' title='bbox 1078 1172 1148 1214; x_wconf 91' lang='lat' dir='ltr'>non</span> <span class='ocrx_word' id='word_1_61' title='bbox 1172 1153 1261 1215; x_wconf 87' lang='lat' dir='ltr'>esset</span> 
     </span>
     <span class='ocr_line' id='line_1_9' title="bbox 143 1236 1261 1321; baseline 0.003 -22"><span class='ocrx_word' id='word_1_62' title='bbox 143 1236 449 1318; x_wconf 85' lang='lat' dir='ltr'>adquiescendum:</span> <span class='ocrx_word' id='word_1_63' title='bbox 481 1239 622 1301; x_wconf 90' lang='lat' dir='ltr'>nuntios</span> <span class='ocrx_word' id='word_1_64' title='bbox 646 1257 725 1300; x_wconf 91' lang='lat' dir='ltr'>suos</span> <span class='ocrx_word' id='word_1_65' title='bbox 748 1259 808 1321; x_wconf 88' lang='lat' dir='ltr'>per</span> <span class='ocrx_word' id='word_1_66' title='bbox 831 1238 1028 1301; x_wconf 87' lang='lat' dir='ltr'>universum</span> <span class='ocrx_word' id='word_1_67' title='bbox 1053 1239 1178 1303; x_wconf 88' lang='lat' dir='ltr'>direxit</span> <span class='ocrx_word' id='word_1_68' title='bbox 1202 1240 1261 1302; x_wconf 92' lang='lat' dir='ltr'>im-</span> 
     </span>
     <span class='ocr_line' id='line_1_10' title="bbox 143 1325 1261 1407; baseline 0.004 -19"><span class='ocrx_word' id='word_1_69' title='bbox 143 1325 286 1407; x_wconf 78' lang='lat' dir='ltr'>perium,</span> <span class='ocrx_word' id='word_1_70' title='bbox 322 1327 470 1389; x_wconf 91' lang='lat' dir='ltr'>eundem</span> <span class='ocrx_word' id='word_1_71' title='bbox 505 1327 837 1390; x_wconf 90' lang='lat' dir='ltr'>excommunicatum</span> <span class='ocrx_word' id='word_1_72' title='bbox 873 1329 908 1389; x_wconf 90' lang='lat' dir='ltr'>et</span> <span class='ocrx_word' id='word_1_73' title='bbox 938 1327 1128 1390; x_wconf 88' lang='lat' dir='ltr'>hereticum</span> <span class='ocrx_word' id='word_1_74' title='bbox 1160 1329 1261 1392; x_wconf 88' lang='lat' dir='ltr'>deno·</span> 
     </span>
    </p>

    <p class='ocr_par' dir='ltr' id='par_1_4' title="bbox 101 1414 1390 1853">
     <span class='ocr_line' id='line_1_11' title="bbox 101 1414 1260 1497; baseline 0.004 -22"><span class='ocrx_word' id='word_1_75' title='bbox 101 1439 125 1476; x_wconf 83' lang='lat'>10</span> <span class='ocrx_word' id='word_1_76' title='bbox 141 1414 263 1490; x_wconf 89' lang='lat' dir='ltr'>tando;</span> <span class='ocrx_word' id='word_1_77' title='bbox 290 1435 407 1478; x_wconf 88' lang='lat' dir='ltr'>omnes</span> <span class='ocrx_word' id='word_1_78' title='bbox 430 1435 510 1478; x_wconf 85' lang='lat' dir='ltr'>vero</span> <span class='ocrx_word' id='word_1_79' title='bbox 534 1416 650 1497; x_wconf 89' lang='lat' dir='ltr'>aliqua</span> <span class='ocrx_word' id='word_1_80' title='bbox 673 1415 843 1479; x_wconf 88' lang='lat' dir='ltr'>fidelitate</span> <span class='ocrx_word' id='word_1_81' title='bbox 867 1415 1039 1479; x_wconf 90' lang='lat' dir='ltr'>subiectos</span> <span class='ocrx_word' id='word_1_82' title='bbox 1063 1419 1098 1479; x_wconf 89' lang='lat' dir='ltr'>et</span> <span class='ocrx_word' id='word_1_83' title='bbox 1121 1417 1260 1480; x_wconf 89' lang='lat' dir='ltr'>vinculo</span> 
     </span>
     <span class='ocr_line' id='line_1_12' title="bbox 143 1504 1390 1586; baseline 0.007 -21"><span class='ocrx_word' id='word_1_84' title='bbox 143 1504 350 1567; x_wconf 86' lang='lat' dir='ltr'>sacramenti</span> <span class='ocrx_word' id='word_1_85' title='bbox 379 1504 489 1568; x_wconf 89' lang='lat' dir='ltr'>eidem</span> <span class='ocrx_word' id='word_1_86' title='bbox 520 1506 700 1567; x_wconf 82' lang='lat' dir='ltr'>astrictosa</span> <span class='ocrx_word' id='word_1_87' title='bbox 728 1504 866 1586; x_wconf 90' lang='lat' dir='ltr'>penitus</span> <span class='ocrx_word' id='word_1_88' title='bbox 897 1504 1045 1567; x_wconf 85' lang='lat' dir='ltr'>absolvit</span> <span class='ocrx_word' id='word_1_89' title='bbox 1075 1508 1111 1568; x_wconf 85' lang='lat' dir='ltr'>et</span> <span class='ocrx_word' id='word_1_90' title='bbox 1135 1505 1261 1569; x_wconf 91' lang='lat' dir='ltr'>delibe·</span> <span class='ocrx_word' id='word_1_91' title='bbox 1279 1535 1390 1584; x_wconf 64' lang='lat' dir='ltr'>(iuteo.</span> 
     </span>
     <span class='ocr_line' id='line_1_13' title="bbox 141 1591 1261 1677; baseline 0.003 -23"><span class='ocrx_word' id='word_1_92' title='bbox 141 1592 232 1654; x_wconf 85' lang='lat' dir='ltr'>ravit</span> <span class='ocrx_word' id='word_1_93' title='bbox 242 1592 264 1652; x_wconf 76' lang='lat'>³.</span> <span class='ocrx_word' id='word_1_94' title='bbox 326 1591 413 1655; x_wconf 78' lang='lat' dir='ltr'>Cum</span> <span class='ocrx_word' id='word_1_95' title='bbox 460 1613 612 1655; x_wconf 91' lang='lat' dir='ltr'>summus</span> <span class='ocrx_word' id='word_1_96' title='bbox 657 1593 814 1676; x_wconf 85' lang='lat' dir='ltr'>pontifex</span> <span class='ocrx_word' id='word_1_97' title='bbox 854 1596 1074 1676; x_wconf 89' lang='lat' dir='ltr'>cognosceret</span> <span class='ocrx_word' id='word_1_98' title='bbox 1112 1594 1261 1677; x_wconf 88' lang='lat' dir='ltr'>spiritali</span> 
     </span>
     <span class='ocr_line' id='line_1_14' title="bbox 141 1674 1260 1765; baseline 0.004 -24"><span class='ocrx_word' id='word_1_99' title='bbox 141 1674 280 1762; x_wconf 79' lang='lat' dir='ltr'>gladiob</span> <span class='ocrx_word' id='word_1_100' title='bbox 308 1684 429 1745; x_wconf 89' lang='lat' dir='ltr'>contra</span> <span class='ocrx_word' id='word_1_101' title='bbox 452 1682 630 1765; x_wconf 88' lang='lat' dir='ltr'>perfidiam</span> <span class='ocrx_word' id='word_1_102' title='bbox 655 1703 694 1745; x_wconf 89' lang='lat' dir='ltr'>ac</span> <span class='ocrx_word' id='word_1_103' title='bbox 718 1682 908 1764; x_wconf 88' lang='lat' dir='ltr'>nequitiam</span> <span class='ocrx_word' id='word_1_104' title='bbox 927 1682 1143 1764; x_wconf 87' lang='lat' dir='ltr'>imperatoris</span> <span class='ocrx_word' id='word_1_105' title='bbox 1160 1704 1260 1746; x_wconf 90' lang='lat' dir='ltr'>suum</span> 
     </span>
     <span class='ocr_line' id='line_1_15' title="bbox 142 1769 1260 1853; baseline 0.004 -22"><span class='ocrx_word' id='word_1_106' title='bbox 142 1769 283 1834; x_wconf 90' lang='lat' dir='ltr'>minime</span> <span class='ocrx_word' id='word_1_107' title='bbox 312 1791 410 1853; x_wconf 91' lang='lat' dir='ltr'>posse</span> <span class='ocrx_word' id='word_1_108' title='bbox 434 1790 591 1835; x_wconf 83' lang='lat' dir='ltr'>exercerc</span> <span class='ocrx_word' id='word_1_109' title='bbox 621 1771 781 1846; x_wconf 83' lang='lat' dir='ltr'>offitium,</span> <span class='ocrx_word' id='word_1_110' title='bbox 814 1771 1201 1836; x_wconf 88' lang='lat' dir='ltr'>excommunicationem</span> <span class='ocrx_word' id='word_1_111' title='bbox 1225 1775 1260 1835; x_wconf 94' lang='lat' dir='ltr'>et</span> 
     </span>
    </p>

    <p class='ocr_par' dir='ltr' id='par_1_5' title="bbox 100 1859 1261 2297">
     <span class='ocr_line' id='line_1_16' title="bbox 100 1859 1261 1937; baseline 0.003 -16"><span class='ocrx_word' id='word_1_112' title='bbox 100 1882 124 1921; x_wconf 75' lang='lat'>1⁵</span> <span class='ocrx_word' id='word_1_113' title='bbox 142 1859 307 1922; x_wconf 86' lang='lat' dir='ltr'>mandata</span> <span class='ocrx_word' id='word_1_114' title='bbox 330 1862 448 1923; x_wconf 88' lang='lat' dir='ltr'>sancte</span> <span class='ocrx_word' id='word_1_115' title='bbox 470 1859 624 1923; x_wconf 85' lang='lat' dir='ltr'>Romane</span> <span class='ocrx_word' id='word_1_116' title='bbox 641 1859 784 1924; x_wconf 87' lang='lat' dir='ltr'>ecclesie</span> <span class='ocrx_word' id='word_1_117' title='bbox 800 1860 940 1923; x_wconf 91' lang='lat' dir='ltr'>minime</span> <span class='ocrx_word' id='word_1_118' title='bbox 955 1860 1115 1937; x_wconf 77' lang='lat' dir='ltr'>timens⁰,</span> <span class='ocrx_word' id='word_1_119' title='bbox 1141 1860 1261 1924; x_wconf 88' lang='lat' dir='ltr'>habito</span> 
     </span>
     <span class='ocr_line' id='line_1_17' title="bbox 142 1948 1261 2032; baseline 0.002 -22"><span class='ocrx_word' id='word_1_120' title='bbox 142 1967 277 2030; x_wconf 91' lang='lat' dir='ltr'>quoque</span> <span class='ocrx_word' id='word_1_121' title='bbox 308 1948 470 2012; x_wconf 90' lang='lat' dir='ltr'>conscilio</span> <span class='ocrx_word' id='word_1_122' title='bbox 501 1949 651 2012; x_wconf 90' lang='lat' dir='ltr'>virorum</span> <span class='ocrx_word' id='word_1_123' title='bbox 674 1949 878 2032; x_wconf 77' lang='lat' dir='ltr'>sapientum,</span> <span class='ocrx_word' id='word_1_124' title='bbox 911 1948 1114 2012; x_wconf 89' lang='lat' dir='ltr'>clericorum</span> <span class='ocrx_word' id='word_1_125' title='bbox 1145 1953 1180 2012; x_wconf 91' lang='lat' dir='ltr'>et</span> <span class='ocrx_word' id='word_1_126' title='bbox 1203 1949 1261 2013; x_wconf 87' lang='lat' dir='ltr'>lai-</span> 
     </span>
     <span class='ocr_line' id='line_1_18' title="bbox 142 2036 1261 2112; baseline 0 -12"><span class='ocrx_word' id='word_1_127' title='bbox 142 2056 270 2112; x_wconf 84' lang='lat' dir='ltr'>corum,</span> <span class='ocrx_word' id='word_1_128' title='bbox 310 2036 477 2100; x_wconf 90' lang='lat' dir='ltr'>auxilium</span> <span class='ocrx_word' id='word_1_129' title='bbox 512 2058 532 2100; x_wconf 87' lang='lat' dir='ltr'>a</span> <span class='ocrx_word' id='word_1_130' title='bbox 571 2040 689 2100; x_wconf 87' lang='lat' dir='ltr'>sancte</span> <span class='ocrx_word' id='word_1_131' title='bbox 727 2037 879 2100; x_wconf 88' lang='lat' dir='ltr'>Romane</span> <span class='ocrx_word' id='word_1_132' title='bbox 919 2037 1061 2101; x_wconf 88' lang='lat' dir='ltr'>ecclesie</span> <span class='ocrx_word' id='word_1_133' title='bbox 1101 2038 1261 2102; x_wconf 88' lang='lat' dir='ltr'>fidelibus</span> 
     </span>
     <span class='ocr_line' id='line_1_19' title="bbox 143 2121 1261 2208; baseline 0.002 -20"><span class='ocrx_word' id='word_1_134' title='bbox 143 2121 367 2208; x_wconf 68' lang='lat' dir='ltr'>postulavitl‚</span> <span class='ocrx_word' id='word_1_135' title='bbox 385 2146 463 2189; x_wconf 91' lang='lat' dir='ltr'>cum</span> <span class='ocrx_word' id='word_1_136' title='bbox 480 2126 525 2189; x_wconf 91' lang='lat' dir='ltr'>sit</span> <span class='ocrx_word' id='word_1_137' title='bbox 541 2127 703 2189; x_wconf 88' lang='lat' dir='ltr'>astrictus</span> <span class='ocrx_word' id='word_1_138' title='bbox 719 2127 796 2188; x_wconf 90' lang='lat' dir='ltr'>iura</span> <span class='ocrx_word' id='word_1_139' title='bbox 812 2129 846 2190; x_wconf 83' lang='lat' dir='ltr'>et</span> <span class='ocrx_word' id='word_1_140' title='bbox 863 2127 1092 2208; x_wconf 90' lang='lat' dir='ltr'>possessiones</span> <span class='ocrx_word' id='word_1_141' title='bbox 1107 2127 1261 2190; x_wconf 81' lang='lat' dir='ltr'>Romane</span> 
     </span>
     <span class='ocr_line' id='line_1_20' title="bbox 143 2213 1260 2297; baseline 0.001 -20"><span class='ocrx_word' id='word_1_142' title='bbox 143 2213 286 2278; x_wconf 89' lang='lat' dir='ltr'>ecclesie</span> <span class='ocrx_word' id='word_1_143' title='bbox 310 2215 497 2279; x_wconf 81' lang='lat' dir='ltr'>defendere</span> <span class='ocrx_word' id='word_1_144' title='bbox 521 2218 556 2279; x_wconf 88' lang='lat' dir='ltr'>et</span> <span class='ocrx_word' id='word_1_145' title='bbox 579 2219 812 2278; x_wconf 87' lang='lat' dir='ltr'>manutenere.</span> <span class='ocrx_word' id='word_1_146' title='bbox 848 2214 985 2277; x_wconf 90' lang='lat' dir='ltr'>Iustum</span> <span class='ocrx_word' id='word_1_147' title='bbox 1008 2215 1099 2278; x_wconf 88' lang='lat' dir='ltr'>enim</span> <span class='ocrx_word' id='word_1_148' title='bbox 1125 2218 1160 2278; x_wconf 90' lang='lat' dir='ltr'>et</span> <span class='ocrx_word' id='word_1_149' title='bbox 1182 2215 1260 2297; x_wconf 85' lang='lat' dir='ltr'>ydo-</span> 
     </span>
    </p>

    <p class='ocr_par' dir='ltr' id='par_1_6' title="bbox 98 2303 1417 2740">
     <span class='ocr_line' id='line_1_21' title="bbox 98 2303 1417 2386; baseline 0.006 -21"><span class='ocrx_word' id='word_1_150' title='bbox 98 2327 125 2366; x_wconf 82' lang='lat' dir='ltr'>eo</span> <span class='ocrx_word' id='word_1_151' title='bbox 142 2322 246 2367; x_wconf 90' lang='lat' dir='ltr'>neum</span> <span class='ocrx_word' id='word_1_152' title='bbox 262 2304 400 2368; x_wconf 86' lang='lat' dir='ltr'>videtur</span> <span class='ocrx_word' id='word_1_153' title='bbox 413 2304 572 2367; x_wconf 90' lang='lat' dir='ltr'>resistere</span> <span class='ocrx_word' id='word_1_154' title='bbox 589 2303 744 2386; x_wconf 73' lang='lat' dir='ltr'>superbo,</span> <span class='ocrx_word' id='word_1_155' title='bbox 768 2323 811 2366; x_wconf 91' lang='lat' dir='ltr'>ne</span> <span class='ocrx_word' id='word_1_156' title='bbox 827 2303 936 2386; x_wconf 89' lang='lat' dir='ltr'>possit</span> <span class='ocrx_word' id='word_1_157' title='bbox 952 2303 1147 2385; x_wconf 87' lang='lat' dir='ltr'>superbiam</span> <span class='ocrx_word' id='word_1_158' title='bbox 1164 2323 1259 2366; x_wconf 90' lang='lat' dir='ltr'>suam</span> <span class='ocrx_word' id='word_1_159' title='bbox 1280 2333 1360 2380; x_wconf 61' lang='lat' dir='ltr'>amaa.</span> <span class='ocrx_word' id='word_1_160' title='bbox 1367 2334 1388 2382; x_wconf 85' lang='lat'>4,</span> <span class='ocrx_word' id='word_1_161' title='bbox 1396 2334 1417 2373; x_wconf 83' lang='lat' dir='ltr'>s.</span> 
     </span>
     <span class='ocr_line' id='line_1_22' title="bbox 143 2390 1416 2475; baseline 0.005 -18"><span class='ocrx_word' id='word_1_162' title='bbox 143 2412 310 2458; x_wconf 85' lang='lat' dir='ltr'>exercerc.</span> <span class='ocrx_word' id='word_1_163' title='bbox 346 2392 391 2456; x_wconf 81' lang='lat' dir='ltr'>Et</span> <span class='ocrx_word' id='word_1_164' title='bbox 407 2393 547 2475; x_wconf 89' lang='lat' dir='ltr'>quidam</span> <span class='ocrx_word' id='word_1_165' title='bbox 563 2393 714 2475; x_wconf 87' lang='lat' dir='ltr'>sapiens:</span> <span class='ocrx_word' id='word_1_166' title='bbox 739 2390 963 2472; x_wconf 74' lang='lat' dir='ltr'>Respondeos⁰</span> <span class='ocrx_word' id='word_1_167' title='bbox 983 2391 1075 2455; x_wconf 78' lang='lat' dir='ltr'>stulto</span> <span class='ocrx_word' id='word_1_168' title='bbox 1091 2391 1261 2455; x_wconf 78' lang='lat' dir='ltr'>secumdum</span> <span class='ocrx_word' id='word_1_169' title='bbox 1279 2422 1344 2464; x_wconf 65' lang='lat' dir='ltr'>aa,</span> <span class='ocrx_word' id='word_1_170' title='bbox 1355 2423 1416 2472; x_wconf 61' lang='lat' dir='ltr'>aem.</span> 
     </span>
     <span class='ocr_line' id='line_1_23' title="bbox 142 2477 1261 2560; baseline -0.002 -16"><span class='ocrx_word' id='word_1_171' title='bbox 142 2479 310 2546; x_wconf 79' lang='lat' dir='ltr'>stultitiam</span> <span class='ocrx_word' id='word_1_172' title='bbox 333 2501 433 2560; x_wconf 83' lang='lat' dir='ltr'>seem,</span> <span class='ocrx_word' id='word_1_173' title='bbox 457 2502 497 2545; x_wconf 79' lang='lat' dir='ltr'>ee</span> <span class='ocrx_word' id='word_1_174' title='bbox 519 2479 582 2545; x_wconf 82' lang='lat' dir='ltr'>sibi</span> <span class='ocrx_word' id='word_1_175' title='bbox 604 2479 750 2544; x_wconf 78' lang='lat' dir='ltr'>videatur</span> <span class='ocrx_word' id='word_1_176' title='bbox 771 2477 909 2560; x_wconf 77' lang='lat' dir='ltr'>sepiens.</span> <span class='ocrx_word' id='word_1_177' title='bbox 945 2480 990 2543; x_wconf 80' lang='lat' dir='ltr'>Et</span> <span class='ocrx_word' id='word_1_178' title='bbox 1007 2480 1107 2543; x_wconf 88' lang='lat' dir='ltr'>alibi:</span> <span class='ocrx_word' id='word_1_179' title='bbox 1131 2479 1261 2542; x_wconf 77' lang='lat' dir='ltr'>Bonum</span> 
     </span>
     <span class='ocr_line' id='line_1_24' title="bbox 143 2567 1261 2650; baseline -0.001 -18"><span class='ocrx_word' id='word_1_180' title='bbox 143 2575 190 2633; x_wconf 81' lang='lat' dir='ltr'>esi</span> <span class='ocrx_word' id='word_1_181' title='bbox 216 2569 361 2634; x_wconf 75' lang='lat' dir='ltr'>resistere</span> <span class='ocrx_word' id='word_1_182' title='bbox 391 2568 500 2635; x_wconf 78' lang='lat' dir='ltr'>alieno</span> <span class='ocrx_word' id='word_1_183' title='bbox 529 2567 736 2650; x_wconf 74' lang='lat' dir='ltr'>rapientibus,</span> <span class='ocrx_word' id='word_1_184' title='bbox 769 2590 809 2632; x_wconf 80' lang='lat' dir='ltr'>me</span> <span class='ocrx_word' id='word_1_185' title='bbox 838 2588 877 2632; x_wconf 80' lang='lat' dir='ltr'>ee</span> <span class='ocrx_word' id='word_1_186' title='bbox 906 2567 1129 2632; x_wconf 76' lang='lat' dir='ltr'>cousuetudine</span> <span class='ocrx_word' id='word_1_187' title='bbox 1157 2567 1261 2631; x_wconf 82' lang='lat' dir='ltr'>simile</span> 
     </span>
     <span class='ocr_line' id='line_1_25' title="bbox 142 2655 1262 2740; baseline -0.002 -18"><span class='ocrx_word' id='word_1_188' title='bbox 142 2657 255 2737; x_wconf 81' lang='lat' dir='ltr'>fecici.</span> <span class='ocrx_word' id='word_1_189' title='bbox 298 2658 456 2740; x_wconf 81' lang='lat' dir='ltr'>Raptores</span> <span class='ocrx_word' id='word_1_190' title='bbox 479 2657 583 2738; x_wconf 84' lang='lat' dir='ltr'>etiem,</span> <span class='ocrx_word' id='word_1_191' title='bbox 608 2679 648 2721; x_wconf 80' lang='lat' dir='ltr'>ee</span> <span class='ocrx_word' id='word_1_192' title='bbox 671 2659 710 2722; x_wconf 85' lang='lat' dir='ltr'>eb</span> <span class='ocrx_word' id='word_1_193' title='bbox 735 2657 812 2722; x_wconf 80' lang='lat' dir='ltr'>aliis</span> <span class='ocrx_word' id='word_1_194' title='bbox 835 2655 967 2721; x_wconf 77' lang='lat' dir='ltr'>timendi</span> <span class='ocrx_word' id='word_1_195' title='bbox 989 2656 1064 2739; x_wconf 81' lang='lat' dir='ltr'>siet,</span> <span class='ocrx_word' id='word_1_196' title='bbox 1089 2656 1211 2738; x_wconf 75' lang='lat' dir='ltr'>obstipo</span> <span class='ocrx_word' id='word_1_197' title='bbox 1233 2662 1262 2720; x_wconf 84' lang='lat' dir='ltr'>ei</span> 
     </span>
    </p>

    <p class='ocr_par' dir='ltr' id='par_1_7' title="bbox 98 2740 1429 3186">
     <span class='ocr_line' id='line_1_26' title="bbox 98 2740 1429 2827; baseline 0.004 -16"><span class='ocrx_word' id='word_1_198' title='bbox 98 2772 124 2812; x_wconf 79' lang='lat' dir='ltr'>so</span> <span class='ocrx_word' id='word_1_199' title='bbox 143 2746 280 2811; x_wconf 68' lang='lat' dir='ltr'>cohibet</span> <span class='ocrx_word' id='word_1_200' title='bbox 315 2748 423 2812; x_wconf 92' lang='lat' dir='ltr'>Item:</span> <span class='ocrx_word' id='word_1_201' title='bbox 450 2748 500 2810; x_wconf 88' lang='lat' dir='ltr'>Ne</span> <span class='ocrx_word' id='word_1_202' title='bbox 517 2746 665 2827; x_wconf 75' lang='lat' dir='ltr'>pectoris</span> <span class='ocrx_word' id='word_1_203' title='bbox 687 2740 886 2826; x_wconf 77' lang='lat' dir='ltr'>maleficumf</span> <span class='ocrx_word' id='word_1_204' title='bbox 907 2745 1018 2810; x_wconf 82' lang='lat' dir='ltr'>uiuere.</span> <span class='ocrx_word' id='word_1_205' title='bbox 1066 2746 1261 2810; x_wconf 82' lang='lat' dir='ltr'>Postulavit</span> <span class='ocrx_word' id='word_1_206' title='bbox 1274 2777 1429 2826; x_wconf 64' lang='lat' dir='ltr'>amasam.</span> 
     </span>
     <span class='ocr_line' id='line_1_27' title="bbox 142 2835 1261 2921; baseline -0.001 -21"><span class='ocrx_word' id='word_1_207' title='bbox 142 2836 251 2921; x_wconf 84' lang='lat' dir='ltr'>igitur</span> <span class='ocrx_word' id='word_1_208' title='bbox 274 2857 427 2900; x_wconf 88' lang='lat' dir='ltr'>summus</span> <span class='ocrx_word' id='word_1_209' title='bbox 451 2837 608 2920; x_wconf 82' lang='lat' dir='ltr'>pontifex</span> <span class='ocrx_word' id='word_1_210' title='bbox 632 2838 858 2901; x_wconf 90' lang='lat' dir='ltr'>arectoribus</span> <span class='ocrx_word' id='word_1_211' title='bbox 874 2836 1050 2900; x_wconf 87' lang='lat' dir='ltr'>societatis</span> <span class='ocrx_word' id='word_1_212' title='bbox 1066 2835 1261 2900; x_wconf 89' lang='lat' dir='ltr'>Lonbardie</span> 
     </span>
     <span class='ocr_line' id='line_1_28' title="bbox 143 2925 1338 3009; baseline 0.003 -20"><span class='ocrx_word' id='word_1_213' title='bbox 143 2927 294 2989; x_wconf 91' lang='lat' dir='ltr'>militum</span> <span class='ocrx_word' id='word_1_214' title='bbox 319 2927 510 2991; x_wconf 85' lang='lat' dir='ltr'>subsidium</span> <span class='ocrx_word' id='word_1_215' title='bbox 533 2946 649 2989; x_wconf 91' lang='lat' dir='ltr'>mense</span> <span class='ocrx_word' id='word_1_216' title='bbox 673 2926 884 3009; x_wconf 80' lang='lat' dir='ltr'>Septembri;</span> <span class='ocrx_word' id='word_1_217' title='bbox 914 2925 995 3008; x_wconf 82' lang='lat' dir='ltr'>qui5</span> <span class='ocrx_word' id='word_1_218' title='bbox 1018 2945 1096 2988; x_wconf 93' lang='lat' dir='ltr'>cum</span> <span class='ocrx_word' id='word_1_219' title='bbox 1120 2926 1164 2989; x_wconf 87' lang='lat' dir='ltr'>ad</span> <span class='ocrx_word' id='word_1_220' title='bbox 1189 2925 1261 2988; x_wconf 90' lang='lat' dir='ltr'>eius</span> <span class='ocrx_word' id='word_1_221' title='bbox 1281 2954 1338 3002; x_wconf 72' lang='lat' dir='ltr'>Sept.</span> 
     </span>
     <span class='ocr_line' id='line_1_29' title="bbox 143 3014 1261 3099; baseline -0.001 -21"><span class='ocrx_word' id='word_1_222' title='bbox 143 3016 352 3099; x_wconf 87' lang='lat' dir='ltr'>presentiam</span> <span class='ocrx_word' id='word_1_223' title='bbox 377 3036 438 3098; x_wconf 91' lang='lat' dir='ltr'>pro</span> <span class='ocrx_word' id='word_1_224' title='bbox 454 3016 528 3078; x_wconf 89' lang='lat' dir='ltr'>iure</span> <span class='ocrx_word' id='word_1_225' title='bbox 552 3018 587 3078; x_wconf 92' lang='lat' dir='ltr'>et</span> <span class='ocrx_word' id='word_1_226' title='bbox 603 3015 738 3078; x_wconf 88' lang='lat' dir='ltr'>ratione</span> <span class='ocrx_word' id='word_1_227' title='bbox 754 3018 872 3078; x_wconf 88' lang='lat' dir='ltr'>sancte</span> <span class='ocrx_word' id='word_1_228' title='bbox 889 3014 1009 3077; x_wconf 84' lang='lat' dir='ltr'>matris</span> <span class='ocrx_word' id='word_1_229' title='bbox 1026 3014 1169 3078; x_wconf 90' lang='lat' dir='ltr'>ecclesie</span> <span class='ocrx_word' id='word_1_230' title='bbox 1189 3034 1261 3097; x_wconf 91' lang='lat' dir='ltr'>pro·</span> 
     </span>
     <span class='ocr_line' id='line_1_30' title="bbox 143 3097 1366 3186; baseline 0.002 -18"><span class='ocrx_word' id='word_1_231' title='bbox 143 3104 295 3186; x_wconf 85' lang='lat' dir='ltr'>tegenda</span> <span class='ocrx_word' id='word_1_232' title='bbox 324 3108 360 3169; x_wconf 88' lang='lat' dir='ltr'>et</span> <span class='ocrx_word' id='word_1_233' title='bbox 390 3104 648 3168; x_wconf 89' lang='lat' dir='ltr'>manutenenda</span> <span class='ocrx_word' id='word_1_234' title='bbox 673 3097 952 3185; x_wconf 63' lang='lat' dir='ltr'>[accessissentssL</span> <span class='ocrx_word' id='word_1_235' title='bbox 985 3102 1116 3166; x_wconf 83' lang='lat' dir='ltr'>*actum</span> <span class='ocrx_word' id='word_1_236' title='bbox 1147 3105 1199 3167; x_wconf 87' lang='lat' dir='ltr'>cst</span> <span class='ocrx_word' id='word_1_237' title='bbox 1226 3107 1262 3166; x_wconf 88' lang='lat' dir='ltr'>et</span> <span class='ocrx_word' id='word_1_238' title='bbox 1281 3130 1366 3176; x_wconf 64' lang='lat' dir='ltr'>*aea</span> 
     </span>
    </p>

    <p class='ocr_par' dir='ltr' id='par_1_8' title="bbox 99 3190 1262 3631">
     <span class='ocr_line' id='line_1_31' title="bbox 99 3190 1261 3275; baseline 0 -19"><span class='ocrx_word' id='word_1_239' title='bbox 99 3217 126 3256; x_wconf 79' lang='lat' dir='ltr'>ao</span> <span class='ocrx_word' id='word_1_240' title='bbox 144 3196 316 3257; x_wconf 86' lang='lat' dir='ltr'>statutum</span> <span class='ocrx_word' id='word_1_241' title='bbox 340 3213 360 3256; x_wconf 88' lang='lat' dir='ltr'>a</span> <span class='ocrx_word' id='word_1_242' title='bbox 382 3193 574 3257; x_wconf 90' lang='lat' dir='ltr'>rectoribus</span> <span class='ocrx_word' id='word_1_243' title='bbox 598 3192 752 3275; x_wconf 87' lang='lat' dir='ltr'>predicte</span> <span class='ocrx_word' id='word_1_244' title='bbox 776 3190 961 3254; x_wconf 89' lang='lat' dir='ltr'>societatis.</span> <span class='ocrx_word' id='word_1_245' title='bbox 1006 3190 1052 3254; x_wconf 81' lang='lat' dir='ltr'>Et</span> <span class='ocrx_word' id='word_1_246' title='bbox 1074 3195 1160 3255; x_wconf 89' lang='lat' dir='ltr'>tuno</span> <span class='ocrx_word' id='word_1_247' title='bbox 1184 3211 1261 3273; x_wconf 93' lang='lat' dir='ltr'>que·</span> 
     </span>
     <span class='ocr_line' id='line_1_32' title="bbox 144 3280 1261 3365; baseline -0.001 -21"><span class='ocrx_word' id='word_1_248' title='bbox 144 3281 232 3346; x_wconf 91' lang='lat' dir='ltr'>libet</span> <span class='ocrx_word' id='word_1_249' title='bbox 255 3281 386 3355; x_wconf 82' lang='lat' dir='ltr'>civitas,</span> <span class='ocrx_word' id='word_1_250' title='bbox 411 3285 514 3365; x_wconf 90' lang='lat' dir='ltr'>prout</span> <span class='ocrx_word' id='word_1_251' title='bbox 530 3282 562 3344; x_wconf 90' lang='lat' dir='ltr'>ei</span> <span class='ocrx_word' id='word_1_252' title='bbox 578 3284 748 3344; x_wconf 90' lang='lat' dir='ltr'>statutum</span> <span class='ocrx_word' id='word_1_253' title='bbox 765 3280 844 3354; x_wconf 79' lang='lat' dir='ltr'>fuit,</span> <span class='ocrx_word' id='word_1_254' title='bbox 869 3299 976 3360; x_wconf 90' lang='lat' dir='ltr'>usque</span> <span class='ocrx_word' id='word_1_255' title='bbox 993 3280 1037 3342; x_wconf 88' lang='lat' dir='ltr'>ad</span> <span class='ocrx_word' id='word_1_256' title='bbox 1054 3300 1113 3343; x_wconf 90' lang='lat' dir='ltr'>sex</span> <span class='ocrx_word' id='word_1_257' title='bbox 1129 3299 1261 3343; x_wconf 87' lang='lat' dir='ltr'>menses</span> 
     </span>
     <span class='ocr_line' id='line_1_33' title="bbox 145 3367 1262 3454; baseline -0.004 -20"><span class='ocrx_word' id='word_1_258' title='bbox 145 3371 227 3434; x_wconf 89' lang='lat' dir='ltr'>dare</span> <span class='ocrx_word' id='word_1_259' title='bbox 251 3370 408 3454; x_wconf 88' lang='lat' dir='ltr'>promisit</span> <span class='ocrx_word' id='word_1_260' title='bbox 432 3375 467 3433; x_wconf 90' lang='lat' dir='ltr'>et</span> <span class='ocrx_word' id='word_1_261' title='bbox 491 3371 615 3433; x_wconf 87' lang='lat' dir='ltr'>statuit</span> <span class='ocrx_word' id='word_1_262' title='bbox 638 3370 682 3432; x_wconf 90' lang='lat' dir='ltr'>ad</span> <span class='ocrx_word' id='word_1_263' title='bbox 702 3368 892 3433; x_wconf 92' lang='lat' dir='ltr'>communis</span> <span class='ocrx_word' id='word_1_264' title='bbox 909 3367 1058 3431; x_wconf 87' lang='lat' dir='ltr'>civitatis</span> <span class='ocrx_word' id='word_1_265' title='bbox 1076 3368 1262 3431; x_wconf 89' lang='lat' dir='ltr'>cuiuslibet</span> 
     </span>
     <span class='ocr_line' id='line_1_34' title="bbox 145 3456 1261 3543; baseline -0.004 -20"><span class='ocrx_word' id='word_1_266' title='bbox 145 3480 320 3543; x_wconf 90' lang='lat' dir='ltr'>expensas.</span> <span class='ocrx_word' id='word_1_267' title='bbox 368 3458 522 3541; x_wconf 75' lang='lat' dir='ltr'>Cumque</span> <span class='ocrx_word' id='word_1_268' title='bbox 552 3459 618 3541; x_wconf 90' lang='lat' dir='ltr'>ipsi</span> <span class='ocrx_word' id='word_1_269' title='bbox 649 3459 776 3522; x_wconf 88' lang='lat' dir='ltr'>milites</span> <span class='ocrx_word' id='word_1_270' title='bbox 801 3457 896 3540; x_wconf 89' lang='lat' dir='ltr'>equis</span> <span class='ocrx_word' id='word_1_271' title='bbox 920 3459 956 3520; x_wconf 91' lang='lat' dir='ltr'>et</span> <span class='ocrx_word' id='word_1_272' title='bbox 979 3456 1082 3518; x_wconf 89' lang='lat' dir='ltr'>armis</span> <span class='ocrx_word' id='word_1_273' title='bbox 1106 3460 1142 3518; x_wconf 91' lang='lat' dir='ltr'>et</span> <span class='ocrx_word' id='word_1_274' title='bbox 1164 3456 1261 3518; x_wconf 92' lang='lat' dir='ltr'>indu·</span> 
     </span>
     <span class='ocr_line' id='line_1_35' title="bbox 145 3545 1262 3631; baseline -0.005 -20"><span class='ocrx_word' id='word_1_275' title='bbox 145 3549 270 3612; x_wconf 89' lang='lat' dir='ltr'>mentis</span> <span class='ocrx_word' id='word_1_276' title='bbox 294 3551 330 3613; x_wconf 88' lang='lat' dir='ltr'>et</span> <span class='ocrx_word' id='word_1_277' title='bbox 352 3548 562 3611; x_wconf 86' lang='lat' dir='ltr'>ornamentis</span> <span class='ocrx_word' id='word_1_278' title='bbox 586 3547 840 3631; x_wconf 88' lang='lat' dir='ltr'>pretiosissimis</span> <span class='ocrx_word' id='word_1_279' title='bbox 867 3545 1003 3628; x_wconf 82' lang='lat' dir='ltr'>egregie</span> <span class='ocrx_word' id='word_1_280' title='bbox 1034 3546 1070 3607; x_wconf 90' lang='lat' dir='ltr'>et</span> <span class='ocrx_word' id='word_1_281' title='bbox 1100 3545 1262 3607; x_wconf 87' lang='lat' dir='ltr'>decenter</span> 
     </span>
    </p>
   </div>
   <div class='ocr_carea' id='block_1_3' title="bbox 99 3631 1261 3721">
    <p class='ocr_par' dir='ltr' id='par_1_9' title="bbox 99 3631 1261 3721">
     <span class='ocr_line' id='line_1_36' title="bbox 99 3631 1261 3721; baseline -0.007 -20"><span class='ocrx_word' id='word_1_282' title='bbox 99 3662 126 3702; x_wconf 77' lang='lat' dir='ltr'>as</span> <span class='ocrx_word' id='word_1_283' title='bbox 145 3640 260 3701; x_wconf 88' lang='lat' dir='ltr'>essent</span> <span class='ocrx_word' id='word_1_284' title='bbox 275 3637 459 3721; x_wconf 86' lang='lat' dir='ltr'>preparati,</span> <span class='ocrx_word' id='word_1_285' title='bbox 477 3637 655 3700; x_wconf 86' lang='lat' dir='ltr'>credentes</span> <span class='ocrx_word' id='word_1_286' title='bbox 671 3636 815 3698; x_wconf 90' lang='lat' dir='ltr'>firmiter</span> <span class='ocrx_word' id='word_1_287' title='bbox 827 3635 869 3697; x_wconf 93' lang='lat' dir='ltr'>ad</span> <span class='ocrx_word' id='word_1_288' title='bbox 884 3633 1014 3697; x_wconf 91' lang='lat' dir='ltr'>domini</span> <span class='ocrx_word' id='word_1_289' title='bbox 1032 3652 1118 3716; x_wconf 91' lang='lat' dir='ltr'>pape</span> <span class='ocrx_word' id='word_1_290' title='bbox 1131 3631 1261 3695; x_wconf 89' lang='lat' dir='ltr'>curiam</span> 
     </span>
    </p>
   </div>
   <div class='ocr_carea' id='block_1_4' title="bbox 141 3803 1262 3966">
    <p class='ocr_par' dir='ltr' id='par_1_10' title="bbox 141 3803 1262 3966">
     <span class='ocr_line' id='line_1_37' title="bbox 145 3803 1260 3859; baseline -0.006 -10"><span class='ocrx_word' id='word_1_291' title='bbox 145 3809 168 3859; x_wconf 84' lang='lat' dir='ltr'>a)</span> <span class='ocrx_word' id='word_1_292' title='bbox 182 3811 264 3852; x_wconf 74' lang='lat' dir='ltr'>mend.</span> <span class='ocrx_word' id='word_1_293' title='bbox 278 3811 354 3857; x_wconf 69' lang='lat' dir='ltr'>Pac,-</span> <span class='ocrx_word' id='word_1_294' title='bbox 368 3809 454 3849; x_wconf 79' lang='lat' dir='ltr'>aflictos</span> <span class='ocrx_word' id='word_1_295' title='bbox 468 3821 484 3852; x_wconf 83' lang='lat' dir='ltr'>c.</span> <span class='ocrx_word' id='word_1_296' title='bbox 538 3809 562 3857; x_wconf 90' lang='lat' dir='ltr'>b)</span> <span class='ocrx_word' id='word_1_297' title='bbox 576 3809 656 3850; x_wconf 82' lang='lat' dir='ltr'>emend,</span> <span class='ocrx_word' id='word_1_298' title='bbox 670 3808 767 3854; x_wconf 86' lang='lat' dir='ltr'>H.·Br.,·</span> <span class='ocrx_word' id='word_1_299' title='bbox 780 3805 862 3856; x_wconf 84' lang='lat' dir='ltr'>gaudio</span> <span class='ocrx_word' id='word_1_300' title='bbox 876 3818 895 3850; x_wconf 81' lang='lat' dir='ltr'>c.</span> <span class='ocrx_word' id='word_1_301' title='bbox 950 3805 970 3856; x_wconf 88' lang='lat' dir='ltr'>c)</span> <span class='ocrx_word' id='word_1_302' title='bbox 989 3807 1020 3845; x_wconf 80' lang='lat' dir='ltr'>sic</span> <span class='ocrx_word' id='word_1_303' title='bbox 1033 3817 1057 3855; x_wconf 73' lang='lat' dir='ltr'>a,</span> <span class='ocrx_word' id='word_1_304' title='bbox 1073 3806 1099 3853; x_wconf 76' lang='lat' dir='ltr'>cf,</span> <span class='ocrx_word' id='word_1_305' title='bbox 1113 3803 1260 3854; x_wconf 64' lang='lat' dir='ltr'>euprepes,</span> 
     </span>
     <span class='ocr_line' id='line_1_38' title="bbox 144 3856 1262 3914; baseline -0.006 -12"><span class='ocrx_word' id='word_1_306' title='bbox 144 3863 197 3906; x_wconf 70' lang='lat' dir='ltr'>ab.</span> <span class='ocrx_word' id='word_1_307' title='bbox 244 3861 268 3914; x_wconf 86' lang='lat' dir='ltr'>d)</span> <span class='ocrx_word' id='word_1_308' title='bbox 286 3865 367 3902; x_wconf 70' lang='lat' dir='ltr'>emetiri.</span> <span class='ocrx_word' id='word_1_309' title='bbox 382 3864 475 3911; x_wconf 84' lang='lat' dir='ltr'>H.·Br.,·</span> <span class='ocrx_word' id='word_1_310' title='bbox 488 3863 614 3911; x_wconf 82' lang='lat' dir='ltr'>postularet</span> <span class='ocrx_word' id='word_1_311' title='bbox 626 3874 643 3904; x_wconf 83' lang='lat' dir='ltr'>e.</span> <span class='ocrx_word' id='word_1_312' title='bbox 691 3860 712 3910; x_wconf 88' lang='lat' dir='ltr'>e)</span> <span class='ocrx_word' id='word_1_313' title='bbox 726 3858 863 3909; x_wconf 82' lang='lat' dir='ltr'>respondens</span> <span class='ocrx_word' id='word_1_314' title='bbox 877 3871 893 3902; x_wconf 85' lang='lat' dir='ltr'>e.</span> <span class='ocrx_word' id='word_1_315' title='bbox 940 3859 1129 3910; x_wconf 67' lang='lat' dir='ltr'>Omaletitiumc,</span> <span class='ocrx_word' id='word_1_316' title='bbox 1175 3856 1198 3908; x_wconf 79' lang='lat' dir='ltr'>g)</span> <span class='ocrx_word' id='word_1_317' title='bbox 1211 3867 1262 3906; x_wconf 80' lang='lat' dir='ltr'>eup-</span> 
     </span>
     <span class='ocr_line' id='line_1_39' title="bbox 141 3912 1261 3966; baseline -0.005 -10"><span class='ocrx_word' id='word_1_318' title='bbox 141 3918 214 3966; x_wconf 73' lang='lat' dir='ltr'>piem&#39;5</span> <span class='ocrx_word' id='word_1_319' title='bbox 228 3927 268 3959; x_wconf 85' lang='lat' dir='ltr'>om.</span> <span class='ocrx_word' id='word_1_320' title='bbox 279 3928 310 3965; x_wconf 83' lang='lat' dir='ltr'>c.,·</span> <span class='ocrx_word' id='word_1_321' title='bbox 325 3917 481 3956; x_wconf 84' lang='lat' dir='ltr'>convenissent</span> <span class='ocrx_word' id='word_1_322' title='bbox 490 3917 553 3955; x_wconf 72' lang='lat' dir='ltr'>Perta</span> <span class='ocrx_word' id='word_1_323' title='bbox 562 3927 604 3955; x_wconf 84' lang='lat' dir='ltr'>non</span> <span class='ocrx_word' id='word_1_324' title='bbox 614 3925 674 3954; x_wconf 71' lang='lat' dir='ltr'>errore</span> <span class='ocrx_word' id='word_1_325' title='bbox 684 3914 866 3962; x_wconf 61' lang='lat' dir='ltr'>Commodiano,-</span> <span class='ocrx_word' id='word_1_326' title='bbox 880 3914 908 3961; x_wconf 78' lang='lat' dir='ltr'>cf.</span> <span class='ocrx_word' id='word_1_327' title='bbox 920 3925 945 3962; x_wconf 85' lang='lat' dir='ltr'>p.</span> <span class='ocrx_word' id='word_1_328' title='bbox 954 3913 988 3962; x_wconf 77' lang='lat'>83,</span> <span class='ocrx_word' id='word_1_329' title='bbox 1003 3914 1017 3955; x_wconf 85' lang='lat' dir='ltr'>l.</span> <span class='ocrx_word' id='word_1_330' title='bbox 1027 3913 1061 3953; x_wconf 79' lang='lat'>23.</span> <span class='ocrx_word' id='word_1_331' title='bbox 1071 3913 1139 3962; x_wconf 63' lang='lat'><strong>12⁸5,</strong></span> <span class='ocrx_word' id='word_1_332' title='bbox 1154 3912 1170 3950; x_wconf 84' lang='lat' dir='ltr'>l.</span> <span class='ocrx_word' id='word_1_333' title='bbox 1181 3912 1214 3954; x_wconf 88' lang='lat'>10.</span> <span class='ocrx_word' id='word_1_334' title='bbox 1223 3914 1261 3950; x_wconf 87' lang='lat' dir='ltr'>etc.</span> 
     </span>
    </p>
   </div>
   <div class='ocr_carea' id='block_1_5' title="bbox 98 4051 1263 4484">
    <p class='ocr_par' dir='ltr' id='par_1_11' title="bbox 146 4051 1263 4126">
     <span class='ocr_line' id='line_1_40' title="bbox 146 4051 1263 4126; baseline -0.011 -12"><span class='ocrx_word' id='word_1_335' title='bbox 146 4059 173 4126; x_wconf 85' lang='lat'>1)</span> <span class='ocrx_word' id='word_1_336' title='bbox 199 4059 300 4114; x_wconf 71' lang='lat' dir='ltr'>lt-Br.</span> <span class='ocrx_word' id='word_1_337' title='bbox 319 4059 454 4111; x_wconf 79' lang='lat' dir='ltr'>adnotavit</span> <span class='ocrx_word' id='word_1_338' title='bbox 478 4060 607 4110; x_wconf 79' lang='lat' dir='ltr'>neminem</span> <span class='ocrx_word' id='word_1_339' title='bbox 632 4058 709 4108; x_wconf 80' lang='lat' dir='ltr'>iliius</span> <span class='ocrx_word' id='word_1_340' title='bbox 732 4057 858 4122; x_wconf 83' lang='lat' dir='ltr'>temporis</span> <span class='ocrx_word' id='word_1_341' title='bbox 878 4061 989 4121; x_wconf 76' lang='lat' dir='ltr'>praeiet⁴</span> <span class='ocrx_word' id='word_1_342' title='bbox 1008 4053 1197 4118; x_wconf 80' lang='lat' dir='ltr'>Oodepneilum</span> <span class='ocrx_word' id='word_1_343' title='bbox 1215 4051 1263 4103; x_wconf 82' lang='lat' dir='ltr'>hoc</span> 
     </span>
    </p>

    <p class='ocr_par' dir='ltr' id='par_1_12' title="bbox 98 4125 1263 4484">
     <span class='ocr_line' id='line_1_41' title="bbox 98 4125 1263 4197; baseline -0.009 -14"><span class='ocrx_word' id='word_1_344' title='bbox 98 4154 127 4192; x_wconf 84' lang='lat'>40</span> <span class='ocrx_word' id='word_1_345' title='bbox 140 4131 225 4197; x_wconf 82' lang='lat' dir='ltr'>plene</span> <span class='ocrx_word' id='word_1_346' title='bbox 243 4130 411 4184; x_wconf 63' lang='lat' dir='ltr'>contendisse.</span> <span class='ocrx_word' id='word_1_347' title='bbox 483 4132 511 4195; x_wconf 80' lang='lat'>2)</span> <span class='ocrx_word' id='word_1_348' title='bbox 531 4129 624 4181; x_wconf 81' lang='lat' dir='ltr'>Decem</span> <span class='ocrx_word' id='word_1_349' title='bbox 642 4129 774 4180; x_wconf 79' lang='lat' dir='ltr'>mensibus</span> <span class='ocrx_word' id='word_1_350' title='bbox 787 4133 931 4193; x_wconf 80' lang='lat' dir='ltr'>postquem</span> <span class='ocrx_word' id='word_1_351' title='bbox 950 4128 1137 4191; x_wconf 81' lang='lat' dir='ltr'>imperatorem</span> <span class='ocrx_word' id='word_1_352' title='bbox 1155 4125 1185 4174; x_wconf 78' lang='lat' dir='ltr'>in</span> <span class='ocrx_word' id='word_1_353' title='bbox 1204 4138 1263 4174; x_wconf 77' lang='lat' dir='ltr'>een·</span> 
     </span>
     <span class='ocr_line' id='line_1_42' title="bbox 145 4194 1263 4266; baseline -0.011 -11"><span class='ocrx_word' id='word_1_354' title='bbox 145 4203 254 4255; x_wconf 81' lang='lat' dir='ltr'>tentiam</span> <span class='ocrx_word' id='word_1_355' title='bbox 280 4203 564 4254; x_wconf 75' lang='lat' dir='ltr'>excommunicationis</span> <span class='ocrx_word' id='word_1_356' title='bbox 591 4201 714 4252; x_wconf 80' lang='lat' dir='ltr'>incidisse</span> <span class='ocrx_word' id='word_1_357' title='bbox 737 4199 934 4266; x_wconf 78' lang='lat' dir='ltr'>pronuntiavit,</span> <span class='ocrx_word' id='word_1_358' title='bbox 960 4212 1037 4264; x_wconf 87' lang='lat' dir='ltr'>pape</span> <span class='ocrx_word' id='word_1_359' title='bbox 1063 4194 1179 4246; x_wconf 82' lang='lat' dir='ltr'>subditos</span> <span class='ocrx_word' id='word_1_360' title='bbox 1206 4195 1263 4245; x_wconf 82' lang='lat' dir='ltr'>eim</span> 
     </span>
     <span class='ocr_line' id='line_1_43' title="bbox 144 4266 1263 4338; baseline -0.008 -14"><span class='ocrx_word' id='word_1_361' title='bbox 144 4274 296 4325; x_wconf 76' lang='lat' dir='ltr'>iuramento</span> <span class='ocrx_word' id='word_1_362' title='bbox 305 4273 442 4338; x_wconf 74' lang='lat' dir='ltr'>fidelitatis</span> <span class='ocrx_word' id='word_1_363' title='bbox 455 4273 572 4325; x_wconf 84' lang='lat' dir='ltr'>obsolvit.</span> <span class='ocrx_word' id='word_1_364' title='bbox 621 4273 649 4338; x_wconf 80' lang='lat'>3)</span> <span class='ocrx_word' id='word_1_365' title='bbox 665 4271 740 4335; x_wconf 78' lang='lat' dir='ltr'>Quod</span> <span class='ocrx_word' id='word_1_366' title='bbox 749 4270 802 4322; x_wconf 83' lang='lat' dir='ltr'>Iul.</span> <span class='ocrx_word' id='word_1_367' title='bbox 810 4270 853 4323; x_wconf 89' lang='lat'>31.</span> <span class='ocrx_word' id='word_1_368' title='bbox 863 4268 940 4331; x_wconf 59' lang='lat' dir='ltr'>setim</span> <span class='ocrx_word' id='word_1_369' title='bbox 952 4268 1015 4333; x_wconf 77' lang='lat' dir='ltr'>Rep.</span> <span class='ocrx_word' id='word_1_370' title='bbox 1025 4267 1095 4333; x_wconf 89' lang='lat' dir='ltr'>Imp.</span> <span class='ocrx_word' id='word_1_371' title='bbox 1104 4281 1147 4318; x_wconf 83' lang='lat' dir='ltr'>nr.</span> <span class='ocrx_word' id='word_1_372' title='bbox 1155 4266 1248 4320; x_wconf 80' lang='lat' dir='ltr'>6735a</span> <span class='ocrx_word' id='word_1_373' title='bbox 1254 4288 1263 4331; x_wconf 82' lang='grc'>,-</span> 
     </span>
     <span class='ocr_line' id='line_1_44' title="bbox 145 4338 1261 4411; baseline -0.005 -16"><span class='ocrx_word' id='word_1_374' title='bbox 145 4344 181 4408; x_wconf 83' lang='lat' dir='ltr'>cf.</span> <span class='ocrx_word' id='word_1_375' title='bbox 200 4344 305 4395; x_wconf 82' lang='lat' dir='ltr'>litteras</span> <span class='ocrx_word' id='word_1_376' title='bbox 325 4359 416 4411; x_wconf 81' lang='lat' dir='ltr'>pupae</span> <span class='ocrx_word' id='word_1_377' title='bbox 439 4344 519 4394; x_wconf 80' lang='lat' dir='ltr'>detes</span> <span class='ocrx_word' id='word_1_378' title='bbox 536 4343 607 4408; x_wconf 67' lang='lat' dir='ltr'>Aua</span> <span class='ocrx_word' id='word_1_379' title='bbox 621 4344 664 4396; x_wconf 84' lang='lat'>30.</span> <span class='ocrx_word' id='word_1_380' title='bbox 683 4345 726 4406; x_wconf 83' lang='lat'>31,</span> <span class='ocrx_word' id='word_1_381' title='bbox 753 4342 839 4408; x_wconf 80' lang='lat' dir='ltr'>Epist.</span> <span class='ocrx_word' id='word_1_382' title='bbox 857 4340 903 4392; x_wconf 78' lang='lat' dir='ltr'>cel.</span> <span class='ocrx_word' id='word_1_383' title='bbox 924 4339 947 4403; x_wconf 85' lang='lat' dir='ltr'>I,</span> <span class='ocrx_word' id='word_1_384' title='bbox 970 4356 998 4406; x_wconf 89' lang='lat' dir='ltr'>p.</span> <span class='ocrx_word' id='word_1_385' title='bbox 1012 4340 1063 4391; x_wconf 83' lang='lat'>731</span> <span class='ocrx_word' id='word_1_386' title='bbox 1076 4352 1124 4403; x_wconf 70' lang='lat' dir='ltr'>ap,</span> <span class='ocrx_word' id='word_1_387' title='bbox 1143 4352 1188 4390; x_wconf 82' lang='lat' dir='ltr'>nr.</span> <span class='ocrx_word' id='word_1_388' title='bbox 1201 4338 1261 4392; x_wconf 81' lang='lat'>831.</span> 
     </span>
     <span class='ocr_line' id='line_1_45' title="bbox 144 4409 1155 4484; baseline -0.008 -14"><span class='ocrx_word' id='word_1_389' title='bbox 144 4418 175 4484; x_wconf 75' lang='lat'>4)</span> <span class='ocrx_word' id='word_1_390' title='bbox 192 4413 302 4468; x_wconf 90' lang='lat' dir='ltr'>Bonum</span> <span class='ocrx_word' id='word_1_391' title='bbox 316 4413 460 4468; x_wconf 89' lang='lat' dir='ltr'>-cohibe</span> <span class='ocrx_word' id='word_1_392' title='bbox 477 4414 526 4465; x_wconf 82' lang='lat' dir='ltr'>ubi</span> <span class='ocrx_word' id='word_1_393' title='bbox 541 4415 644 4479; x_wconf 84' lang='lat' dir='ltr'>scripta</span> <span class='ocrx_word' id='word_1_394' title='bbox 661 4414 725 4478; x_wconf 81' lang='lat' dir='ltr'>sint,</span> <span class='ocrx_word' id='word_1_395' title='bbox 742 4413 836 4464; x_wconf 78' lang='lat' dir='ltr'>nescio.</span> <span class='ocrx_word' id='word_1_396' title='bbox 908 4411 936 4476; x_wconf 82' lang='lat'>5)</span> <span class='ocrx_word' id='word_1_397' title='bbox 957 4409 1017 4462; x_wconf 83' lang='lat' dir='ltr'>Seii.</span> <span class='ocrx_word' id='word_1_398' title='bbox 1035 4413 1155 4462; x_wconf 79' lang='lat' dir='ltr'>rectores.</span> 
     </span>
    </p>
   </div>
   <div class='ocr_carea' id='block_1_6' title="bbox 0 0 1488 4936">
    <p class='ocr_par' dir='ltr' id='par_1_13' title="bbox 0 0 1488 4936">
     <span class='ocr_line' id='line_1_46' title="bbox 0 0 1488 4936; baseline 0 0"><span class='ocrx_word' id='word_1_399' title='bbox 0 0 1488 4936; x_wconf 95' lang='lat' dir='ltr'> </span> 
     </span>
    </p>
   </div>
  </div>
 </body>
</html>
