2962 4936
201 467 236 519 52
362 460 552 517 marmus
571 460 818 515 consonanti
836 457 1018 514 lunatas
1036 459 1071 514 A.
1087 464 1164 517 1217.

100 652 179 706 1217.
201 647 370 710 butanum
401 665 571 727 perexere,
610 645 654 707 ad
684 649 807 726 quema
835 644 1080 709 Cremonenses
1109 645 1179 707 iam
1211 664 1318 708 acees-

202 738 327 810 serant,
359 737 395 798 et
418 733 545 797 vexilla
574 753 676 816 super
706 733 885 797 arboribus
916 737 1104 817 posuerant
1126 767 1171 775 —
1194 733 1317 815 qui1a

133 848 136 852 ·
200 824 340 887 civitate
365 822 531 886 Cremona
561 842 623 905 per
652 822 803 904 quinque
835 822 941 885 distat
971 821 1120 885 miliaria
1149 856 1203 895 -,
1236 815 1313 903 quib

199 913 356 976 inimicos
379 912 536 974 videntes
559 910 654 974 illico
678 910 720 973 ab
737 911 812 993 ipso
828 912 979 994 turpiter
993 913 1209 974 recesserunt
1225 910 1316 985 loco;

199 1021 300 1083 quem
334 1001 441 1084 ipsis2
475 1000 673 1064 videntibus
708 999 941 1063 conbuserunt
977 1003 1012 1063 et
1043 998 1349 1063 destruxerunt³.5

199 1090 245 1153 Et
284 1111 322 1153 ea
363 1089 418 1153 die
449 1089 626 1164 Zinonum,
663 1091 793 1151 curtem
830 1088 873 1152 de
903 1088 1053 1165 Riehist
1093 1086 1315 1163 Ccserdum‘³‚

199 1182 350 1242 castrum
367 1178 409 1242 de
427 1176 595 1252 Curtisiis‚
620 1177 788 1241 Baxolum
806 1179 841 1240 et
857 1173 1126 1252 Brodolanumd‚
1152 1178 1317 1240 Sanctum

199 1267 336 1340 Vidnm,
369 1267 610 1342 Bardeniam⁰‚
639 1265 911 1329 Monestarolum
942 1287 1019 1330 cum
1050 1267 1169 1348 burgis
1200 1286 1317 1330 eorum

199 1358 366 1439 ceperunt
389 1359 424 1419 et
449 1357 692 1419 destruxerunt
716 1358 751 1418 et
774 1354 854 1437 igne
871 1358 1118 1418 cremaverunt.
1151 1355 1317 1418 Similiter

199 1465 301 1527 quam
340 1444 454 1528 plures
490 1444 668 1507 Placentie
707 1443 834 1507 milites
874 1464 951 1506 cum
991 1443 1163 1525 aliquibus
1200 1463 1317 1507 eorum
1336 1463 1357 1500 ιο

199 1534 349 1597 civitatis
384 1532 572 1615 sagittariis
608 1533 652 1595 ad
687 1531 920 1595 castellarium
960 1533 1002 1596 de
1037 1532 1317 1596 Canale-morato

198 1623 306 1699 ivere;
339 1621 428 1684 illud
458 1622 597 1703 quidem
620 1620 767 1684 viriliter
797 1625 1081 1704 expugnaverunt
1104 1613 1231 1703 atquef
1258 1641 1318 1703 per

198 1712 267 1773 vim
292 1713 467 1793 ceperunt,
499 1710 588 1773 illud
613 1714 647 1773 et
672 1709 808 1773 blavam
832 1710 978 1773 multam
1003 1712 1038 1774 et
1061 1730 1142 1773 vasa
1164 1710 1317 1773 innume-

199 1799 322 1863 rabilia
345 1802 381 1862 et
404 1799 489 1862 alias
513 1819 577 1876 res,
609 1819 681 1880 que·
698 1799 735 1860 in
758 1799 833 1881 ipso
864 1799 1010 1862 aderant
1032 1799 1118 1875 loco,
1151 1801 1317 1882 ceperunt

199 1891 235 1951 et
258 1888 502 1951 conbuserunt
1336 1905 1358 1944 u

103 1998 179 2040 rura.
305 1976 371 2038 Die
407 1976 504 2040 Lune
542 1977 701 2040 veniente
740 1979 853 2040 castra
888 1979 1078 2053 moverunt,
1118 1977 1244 2039 armati
1283 1978 1317 2038 et

199 2064 359 2129 asclerati
382 2065 568 2142 venientes,
594 2065 709 2128 omnia
729 2065 861 2128 fossata
877 2068 913 2129 et
929 2068 1082 2147 pantana
1097 2068 1317 2128 transeuntes

200 2156 235 2217 et
265 2154 368 2217 etiam
400 2153 550 2235 aliquem
582 2155 624 2217 de
653 2154 800 2216 inimicis
829 2154 970 2217 minime
1000 2153 1225 2230 invenientes,
1256 2175 1317 2216 sna

96 2265 178 2312 *nasa
197 2243 289 2307 inter
319 2242 551 2306 Zovenoldum
582 2241 632 2306 *et
667 2242 876 2305 Soncinnmg
906 2246 1095 2326 posuerunt
1126 2241 1316 2307 ¹”tentoria
1335 2261 1401 2312 aas

107 2355 150 2397 ruz.
159 2356 180 2394 4.
199 2330 285 2394 Cum
316 2335 432 2396 autem
464 2332 519 2395 die
544 2331 666 2394 Martis
689 2330 779 2393 IIII.
804 2331 929 2395 mensis
953 2331 1038 2393 Iulii
1068 2352 1200 2395 summo
1232 2331 1316 2393 dilu-
1334 2352 1358 2389 n

199 2420 276 2484 culo
300 2421 559 2504 proposuissent
580 2440 716 2484 movere
732 2423 854 2494 castra,
880 2419 1047 2484 Cremone
1070 2419 1247 2503 potestas5
1270 2421 1316 2481 in-

199 2512 429 2573 strumentum
459 2508 638 2592 publicum
669 2530 709 2573 ea
740 2509 896 2592 predicta
927 2509 982 2573 die
1006 2509 1103 2573 Lune
1127 2509 1316 2572 Mediolani

198 2597 386 2681 potestati6
416 2598 551 2673 direxit,
585 2599 622 2660 in
652 2619 719 2680 quo
750 2598 1010 2662 continebatur:
1048 2599 1076 2660 si
1106 2619 1237 2661 moram
1268 2597 1317 2660 ibi

198 2688 374 2767 usquead
404 2686 508 2748 aliam
540 2686 630 2750 diem
666 2687 710 2750 ad
745 2688 865 2750 horam
900 2707 990 2750 none
1022 2687 1188 2763 facerent,
1225 2687 1316 2768 quod

199 2774 284 2838 belli
312 2775 489 2838 fortunam
520 2795 598 2837 cum
629 2776 677 2838 eis
706 2779 935 2859 temptarent3
967 2797 1069 2859 snper
1099 2797 1166 2859 quo
1196 2776 1316 2839 habito
1334 2793 1358 2832 aa

199 2863 371 2938 conscilio,
389 2863 521 2946 placuit
537 2864 751 2946 sapientibus
766 2865 894 2928 ibidem
912 2886 1042 2928 moram
1053 2866 1167 2929 faeere
1180 2864 1315 2940 debere,

199 2954 235 3015 et
250 2953 506 3034 responsionem
521 2951 558 3014 in
574 2952 638 3015 hac
655 2953 767 3016 forma
781 2955 949 3036 potestati
965 2953 1130 3018 Cremona
1145 2953 1314 3031 fecerunt,

199 3040 332 3103 scilicet
355 3041 446 3122 quod
471 3061 511 3104 ea
535 3041 590 3105 die
610 3045 645 3104 et
665 3041 720 3105 die
740 3043 897 3124 sequenti
914 3047 949 3105 et
965 3042 1075 3105 altera
1092 3043 1146 3104 die
1162 3043 1316 3105 venienti

200 3149 256 3192 eos
278 3128 432 3193 invenire
456 3133 630 3212 poterunt.
677 3130 799 3194 Terras
829 3151 956 3207 eorum,
987 3130 1087 3193 villas
1119 3133 1154 3194 et
1187 3131 1315 3202 domos,

199 3218 316 3282 vineas
349 3223 384 3282 et
416 3219 554 3283 arbores
587 3219 667 3301 igne
701 3222 949 3294 cremaverunt,
980 3219 1172 3282 incidentes
1204 3222 1239 3282 et
1264 3220 1317 3282 de·
1335 3238 1360 3277 ro

200 3312 371 3371 struentes
406 3308 451 3371 ad
484 3309 760 3392 magnitudinem
796 3311 832 3372 et
867 3310 911 3371 ad
945 3309 1110 3372 honorem
1146 3301 1313 3371 sublimell

200 3396 349 3460 civitatis
377 3397 569 3461 Mediolani
601 3400 636 3461 et
665 3397 842 3461 Placentie
876 3400 911 3461 et
943 3397 1095 3461 omnium
1129 3397 1317 3460 amicorum

200 3506 317 3550 eorum
340 3490 376 3549 et
400 3488 443 3550 ad
468 3486 689 3569 obprobrium
705 3486 835 3569 pariter
851 3490 886 3550 et
903 3487 1149 3550 detrimentum
1166 3485 1317 3549 civitatis

106 3573 366 3638 1u1.4.Crem0ne
390 3577 426 3638 et
450 3575 637 3638 amicorum
662 3596 790 3639 eorum.
830 3575 895 3640 Die
914 3575 1037 3638 Martis
1060 3575 1217 3658 predicta
1240 3577 1318 3657 post

199 3784 221 3829 a)
239 3782 270 3819 sie
284 3793 302 3824 e.
368 3781 391 3833 b)
408 3783 423 3832 q
439 3780 502 3835 (que)
516 3794 546 3830 e.,·
555 3786 619 3831 potes
632 3784 725 3822 seribm
739 3794 781 3832 que
795 3783 887 3832 inimici,
902 3784 922 3821 ei
935 3783 1005 3822 credie
1019 3783 1187 3821 minianenses
1200 3783 1253 3829 (non
1269 3782 1318 3820 Cre·
1335 3778 1359 3819 ab

199 3837 317 3884 monentes)
331 3836 448 3875 ventilata
461 3837 576 3876 arboribus
585 3838 692 3886 posuisse,
706 3838 763 3886 qued
776 3848 819 3876 non
833 3840 921 3878 constat.
976 3835 996 3887 c)
1010 3835 1078 3878 eatdir
1092 3847 1108 3878 e.
1158 3836 1181 3884 d)
1194 3836 1319 3882 emendari,-

200 3886 346 3928 bredolanum
360 3901 378 3931 e.
430 3893 451 3938 e)
465 3891 593 3929 bardemam
607 3901 626 3932 e.
676 3890 695 3940 f)
709 3891 832 3938 emendavn
846 3887 988 3939 utinquod)
1003 3901 1019 3931 e.
1081 3891 1105 3938 g)
1118 3890 1149 3927 eie
1162 3890 1318 3927 emendandum

200 3951 244 3979 esse
257 3945 350 3990 apparet
363 3944 425 3990 infra
435 3956 460 3992 p.
471 3944 505 3994 53,
520 3945 535 3983 l.
547 3946 570 3991 ‘13
585 3944 696 3983 sentinam
708 3954 726 3985 e.
750 3943 867 3983 Sentinum
880 3944 903 3980 in
918 3944 958 3981 bne
972 3943 1060 3991 regione
1073 3943 1137 3981 ntum
1151 3943 1215 3981 bodie
1228 3953 1272 3981 non
1285 3943 1318 3979 in-

200 3996 284 4051 eeniitq
293 4006 358 4044 neque
368 3999 462 4046 anitquis
471 3998 603 4045 temporibus
611 4001 796 4036 commemoratur.
837 3997 861 4035 hl
874 3997 905 4035 cie
914 4008 939 4045 e„
950 4001 972 4034 ui
983 4001 1001 4034 et
1010 3997 1073 4043 infra
1088 4008 1107 4037 n.
1118 3996 1177 4044 1218,
1188 4007 1213 4044 p.
1223 3995 1257 4041 85,
1272 3996 1286 4037 l.
1293 3995 1317 4036 8.

201 4155 228 4222 1)
247 4156 310 4209 Seii.
330 4157 399 4208 bena
413 4156 646 4209 Coralis-britani.
710 4157 737 4222 2)
758 4155 980 4209 Cremonensibus.
1047 4157 1074 4221 3)
1096 4155 1157 4208 Seii.
1170 4155 1320 4206 Placentini
1335 4161 1361 4200 4ο

199 4233 223 4278 ei
241 4227 454 4279 Mediolanenses.
543 4228 571 4295 4)
599 4228 690 4278 Curiis
715 4227 745 4280 de
770 4228 884 4278 Rusebis
909 4228 971 4278 boec
995 4232 1103 4278 unnim·
1127 4243 1144 4276 e
1163 4226 1315 4290 Seniorina,

200 4299 272 4351 Ann.
291 4299 442 4349 Alexandr.
461 4300 537 4363 1217,
565 4299 636 4352 Hisi.
658 4304 734 4365 pair.
753 4299 837 4361 Mon,
862 4299 909 4352 SS.
929 4299 980 4362 IV,
1006 4298 1051 4350 coi.
1073 4299 1133 4361 152,
1159 4298 1208 4362 qni
1231 4297 1318 4348 mulin

196 4369 409 4434 praecedentium
433 4376 456 4421 ei
480 4372 642 4436 sequentinm
667 4369 782 4420 beorum
809 4376 833 4420 ei
860 4370 917 4420 clio
944 4375 1023 4434 capio
1049 4368 1088 4418 ed
1114 4372 1218 4418 ennea
1245 4368 1316 4420 dicit.

200 4440 229 4506 5)
250 4440 421 4492 Raimnndns
438 4442 470 4492 de
493 4441 629 4506 qurribus
646 4441 810 4494 Briniensis.
883 4442 911 4508 6)
930 4441 996 4492 Vide
1010 4457 1039 4506 p.
1054 4442 1096 4502 60,
1115 4455 1142 4492 n.
1156 4440 1181 4493 5.
