2962 4936
311 453 502 509 IOHANNIS
521 452 767 507 CODAGNELLI
785 451 967 506 ANNALES
985 454 1021 508 A.
1035 455 1113 510 1229.
1235 457 1268 510 95

150 658 269 701 corum
300 658 416 702 eorum
447 637 665 700 intraverunt
696 638 731 699 et
760 636 858 699 iuxta
889 639 1039 699 castrum
1069 637 1110 700 de
1141 637 1268 701 Sancto
1289 651 1366 704 1229.

151 725 290 790 Cesario
326 747 387 790 sua
423 725 542 790 *fixere
578 729 707 799 castra,
749 724 838 787 illud
872 725 1025 807 undique
1061 725 1267 789 obsidentes.
1289 753 1319 802 ss,
1328 753 1375 798 931),

152 813 399 879 Cremonenses
423 817 458 879 et
474 815 675 878 Parmenses
700 814 803 878 etiam
829 817 865 877 et
881 814 1096 878 Mutinenses
1120 834 1181 896 per
1204 835 1269 878 me·

151 904 246 967 dium
279 925 396 969 eorum
428 907 462 967 et
491 904 528 965 in
558 903 628 965 illis
652 902 808 985 partibus
831 903 975 966 fuerunt
999 904 1268 980 castramentati,

112 1011 127 1050 a
150 993 256 1056 fluvio
280 992 440 1057 Scoltene
465 992 654 1067 mediante;
686 991 778 1073 quod
803 996 951 1054 castrum
977 1012 1054 1055 cum
1079 993 1269 1074 manganis,

151 1081 318 1165 predariis
343 1085 378 1145 et
401 1081 579 1145 trabuchis
604 1083 640 1143 et
662 1080 769 1163 gattis
794 1083 829 1143 et
848 1079 925 1142 aliis
942 1080 1109 1144 machinis
1127 1081 1270 1144 cottidie

151 1173 437 1254 expugnaverunt
467 1169 655 1233 scientibus
685 1168 833 1232 inimicis
865 1173 900 1231 et
924 1168 1033 1232 oculis
1057 1170 1202 1253 propriis
1226 1171 1271 1232 vi-

152 1259 326 1323 dentibus,
380 1259 426 1322 Et
461 1260 542 1323 dum
574 1259 638 1322 hec
669 1260 863 1341 agerentur,
901 1257 1157 1333 Cremonenses,
1193 1258 1271 1321 Par·

151 1369 285 1413 menses
298 1351 334 1412 et
347 1348 559 1411 Mutinenses
573 1346 763 1410 deliberato
780 1346 943 1409 conscilio
960 1347 1132 1410 carocium
1148 1347 1270 1411 Parme

104 1456 132 1495 ro
150 1437 188 1499 in
211 1437 430 1520 expeditione
460 1435 577 1499 venire
607 1437 776 1499 fecerunt.
824 1435 899 1512 Quo
923 1436 1027 1511 facto,
1057 1437 1163 1518 signis
1187 1436 1271 1499 belli

151 1528 187 1590 et
219 1526 340 1589 castris
370 1526 472 1589 motis
502 1525 645 1588 fluvium
676 1523 835 1587 Scoltene
865 1527 1085 1588 transeuntes
1115 1544 1175 1607 per
1205 1546 1271 1588 me·

151 1613 246 1677 dium
279 1617 430 1678 castrum
461 1615 503 1677 de
527 1613 757 1696 Spinalbcrto,
789 1613 825 1676 in
857 1633 1044 1696 campanea
1065 1614 1158 1676 inter
1181 1613 1271 1677 Scol-

151 1707 269 1767 tenam
300 1706 335 1767 et
365 1704 535 1785 quendam
568 1723 690 1765 cavum
719 1722 798 1764 suas
828 1704 1017 1784 posuerunt
1050 1702 1269 1785 albergarias,

152 1813 223 1855 non
262 1792 431 1855 distantes
474 1792 517 1854 ab
557 1792 710 1855 exercitu
749 1790 1019 1854 Bononiensium
1064 1812 1125 1875 per
1163 1812 1271 1853 unum

105 1899 133 1938 rt
151 1881 296 1944 miliare.

260 1969 325 2034 Die
342 1969 464 2032 Martis
481 1968 571 2031 ΙΙΠ.
588 1970 714 2032 mensis
731 1968 943 2051 Septembris
965 1968 1095 2031 dictum
1121 1973 1271 2032 castrum
1291 1989 1345 2037 sen.
1356 1989 1378 2030 4.

151 2058 305 2140 undique
328 2057 475 2122 viriliter
499 2062 736 2140 expugnantes
762 2078 838 2119 cum
869 2058 1059 2140 manganis,
1093 2059 1270 2141 predariis,

151 2147 331 2211 trabuchis
354 2149 390 2210 et
413 2147 529 2229 gattis,
561 2167 638 2210 cum
668 2146 792 2228 quibus
815 2146 906 2208 viros
930 2165 990 2227 per
1012 2147 1201 2229 terragium
1224 2147 1271 2209 fe·

153 2239 273 2300 cerunt
297 2236 490 2311 ascendere,
522 2256 583 2318 per
612 2235 703 2318 ipsos
732 2254 839 2315 usque
864 2235 987 2317 spados
1011 2235 1115 2296 castri
1139 2255 1272 2297 summa

104 2345 133 2383 ao
152 2325 187 2387 vi
221 2324 316 2388 illico
351 2327 501 2387 castrum
537 2327 619 2386 sunt
654 2323 769 2386 conati
799 2323 938 2386 intrare.
986 2323 1124 2386 Accidit
1156 2323 1272 2387 divina

151 2413 319 2497 potentia,
345 2413 437 2496 quod
461 2416 608 2476 castrum
634 2433 675 2476 ea
698 2412 753 2475 die
770 2411 908 2494 penitus
924 2411 1129 2493 dissipatum
1145 2416 1180 2476 et
1197 2432 1272 2475 con-

152 2503 293 2567 bustum
321 2503 392 2565 fuit
423 2501 638 2585 presentibus
663 2504 698 2564 et
721 2500 918 2564 videntibus
941 2501 1090 2564 inimicis
1098 2500 1118 2562 1.
1171 2500 1272 2578 Quod

153 2594 306 2655 castrum
339 2591 440 2654 fossis
477 2590 656 2672 profundis
692 2593 727 2653 et
761 2610 851 2671 aqua
885 2589 996 2672 plenis
1027 2593 1101 2653 erat
1132 2590 1271 2653 circum-

153 2681 285 2755 datum,
317 2679 432 2763 spadis
462 2699 597 2761 quoque
628 2684 663 2743 et
693 2678 866 2762 lignorum
890 2679 1010 2742 castris
1034 2681 1070 2742 et
1092 2679 1272 2760 manganis

106 2787 134 2828 ss
153 2772 189 2832 et
222 2768 389 2850 predariis
422 2771 458 2831 et
488 2768 565 2830 aliis
597 2768 765 2831 machinis
789 2771 864 2831 erat
887 2768 1060 2830 munitum
1083 2769 1213 2852 pariter
1237 2772 1272 2831 et

153 2857 354 2922 vallatum2.
389 2857 433 2919 In
457 2877 523 2939 quo
548 2859 659 2920 castro
677 2856 910 2920 Bononienses
926 2856 1123 2921 habuerunt
1139 2858 1272 2939 quadri·

152 2950 298 3030 gentosa
331 2945 421 3010 viros
452 2950 487 3009 et
517 2965 575 3008 sex
605 2945 733 3009 milites
743 2945 765 3020 ³,
796 2966 881 3026 quos
911 2950 1077 3029 ceperunt
1105 2950 1140 3010 et
1163 2947 1272 3009 victos

152 3036 234 3099 inde
258 3034 442 3098 duxerunt.
490 3033 556 3097 Die
579 3034 742 3097 Mercurii
766 3034 924 3115 sequenti
954 3036 1045 3098 inter
1069 3034 1210 3098 *nonam
1237 3038 1272 3099 et
1292 3025 1377 3128 {23⁸}

152 3143 312 3206 vesperas
343 3122 597 3199 Cremonenses,
629 3122 830 3186 Parmenses
861 3125 897 3186 et
925 3122 1140 3187 Mutinenses
1170 3124 1272 3187 ascle-

105 3213 222 3276 norati
256 3215 292 3276 et
323 3212 367 3275 ad
397 3211 527 3275 bellum
552 3210 712 3287 ordinati,
738 3209 984 3273 Cremonenses
1015 3211 1057 3275 ab
1081 3233 1152 3275 una
1174 3215 1272 3296 parte

153 3301 289 3377 carocii,
313 3300 514 3364 Parmenses
538 3320 618 3363 vero
642 3319 683 3363 ex
706 3299 826 3374 altera,
851 3298 1066 3363 Mutinenses
1081 3320 1217 3382 quoque
1236 3301 1273 3363 in

153 3390 267 3473 prima
290 3389 388 3463 actie,
420 3389 479 3471 qui
510 3408 626 3451 omnes
657 3386 898 3451 universaliter
928 3408 989 3469 pro
1013 3407 1074 3450 suo
1099 3389 1273 3451 communi

153 3479 284 3543 ibidem
306 3478 447 3541 fuerant
471 3476 680 3559 congregati,
706 3475 925 3539 accutissima
948 3476 1038 3540 actie
1062 3479 1271 3553 constructa,

152 3567 264 3632 veloci
287 3567 398 3650 gradu
417 3568 538 3629 contra
555 3565 742 3628 exercitum
758 3564 1028 3628 Bononiensium
1045 3570 1271 3629 accesserunt.

105 3775 251 3823 wama

154 3934 182 4003 1)
208 3934 310 3986 Eodem
327 3933 369 3984 die
387 3932 435 3985 hoc
452 3938 569 3984 castrum
587 3938 694 3999 captum
716 3948 768 3985 esse
786 3935 910 3997 referunt
928 3933 1013 3988 Mara.
1032 3937 1064 3986 de
1083 3936 1199 4000 Griffon.
1218 3935 1234 3989 l.
1256 3937 1273 3989 l.

152 4011 176 4058 ct
196 4005 288 4058 ‘Cron
306 4004 337 4055 di
354 4003 483 4069 Bolopnc'
501 4003 546 4056 col.
559 4005 621 4057 257.
659 4003 734 4066 Qnod
752 4005 855 4067 factum
880 4021 933 4058 csse
950 4006 1098 4058 videntibus
1116 4007 1234 4058 hostibus
1251 4014 1275 4058 et

153 4077 185 4127 hi
201 4081 225 4128 et
242 4076 392 4127 Tolosanns
409 4091 430 4128 c.
445 4076 503 4129 191.
523 4079 546 4125 et
558 4074 617 4128 Alb.
630 4074 730 4125 Milioli
747 4091 767 4128 c.
781 4077 842 4129 231.
861 4083 884 4126 et
902 4078 957 4141 apsi
974 4077 1151 4128 Bononiensis
1169 4079 1199 4127 in
1219 4080 1274 4144 epi-

153 4147 223 4200 stola
248 4147 279 4198 de
302 4146 352 4197 bac
369 4146 533 4211 expeditione
557 4147 667 4211 scriptu,
686 4146 883 4211 Winlcelmann,
911 4148 977 4198 Acta
996 4150 1059 4213 imp.
1078 4148 1102 4210 I,
1117 4163 1146 4214 p.
1159 4150 1211 4202 491
1225 4164 1273 4214 sq,

104 4233 136 4273 40
154 4234 198 4277 nr,
212 4220 274 4281 617,
300 4217 393 4269 tradem
418 4217 475 4280 fere
493 4215 578 4268 verbis
596 4218 696 4267 ddunt.
804 4217 832 4284 2)
859 4217 946 4283 Epist.
966 4218 1177 4269 Bononiensium
1203 4219 1219 4272 l.
1239 4219 1257 4269 l.
1265 4236 1275 4269 .·

154 4287 230 4357 quod
255 4289 400 4351 (castrum)
426 4290 484 4338 erat
507 4287 563 4338 alto
582 4285 716 4337 vallatum
735 4303 836 4355 aggere
855 4303 886 4339 ac
905 4287 994 4340 densis
1010 4291 1044 4357 (t)
1062 4289 1274 4357 propugnaculis

155 4357 363 4413 communitum.
454 4359 481 4423 3)
505 4360 558 4412 520
583 4357 701 4409 tunimo
724 4359 789 4409 dicit
808 4358 898 4410 ‘Cron
916 4361 948 4411 di
964 4359 1102 4426 Bolopna’,·
1124 4357 1182 4412 fere
1200 4360 1275 4413 mille

153 4431 268 4497 spatula
286 4429 495 4481 Bononiensium
513 4428 692 4494 magniloqua.
