2962 4936
294 470 485 528 IOHANNIS
503 471 750 527 OODAGNFLLI
767 470 947 529 ANNALES
964 472 1001 526 A.
1014 476 1092 530 1231.
1209 477 1260 531 107

143 655 313 741 optabant
343 657 387 719 ad
417 656 548 720 exitum
578 675 793 738 nequaquam
824 656 1012 739 perducere
1036 677 1144 741 posse,
1180 657 1262 741 quia
1281 665 1358 718 1231.

143 748 267 831 pontes
290 765 408 809 eornm
433 746 477 808 ad
501 745 770 828 expugnandum
790 748 940 808 castrum
957 745 1175 829 longitudine
1191 768 1261 810 non

145 837 245 900 erant
268 834 490 910 sufficientes,
515 834 558 897 ab
583 833 838 916 expugnatione
859 833 978 898 *castri
1001 834 1203 900 indecenter
1226 839 1262 900 et
1280 857 1381 908 *mora

144 924 295 1007 turpiter
319 926 354 987 et
377 922 468 986 malo
490 923 612 986 ordine
635 925 860 986 secesserunt.
905 923 950 985 Et
975 925 1060 987 tunc
1083 925 1263 989 intrinseci

108 1014 189 1077 ade
218 1012 294 1076 loco
324 1014 487 1076 exeuntes
519 1013 670 1095 pontem,
705 1031 806 1093 quem
830 1010 1105 1076 Mediolanenses
1136 1015 1181 1076 ad
1211 1034 1263 1077 ex-

145 1102 371 1186 pugnandum
388 1103 538 1163 castrum
554 1101 719 1176 fecerant,
738 1099 981 1164 conbuserunt.
1021 1100 1064 1163 In
1079 1100 1143 1164 illa
1159 1102 1263 1166 etiam

147 1189 402 1274 expugnatione
418 1188 694 1253 Mediolanenses
719 1189 963 1253 detrimentum
984 1190 1163 1252 hominum
1181 1212 1265 1254 mor·

146 1282 286 1343 tuorum
310 1297 474 1360 magnum
497 1278 735 1342 sustinuerunt
763 1280 799 1341 et
822 1278 1029 1342 habuerunt.
1078 1277 1146 1357 Qui
1171 1283 1264 1342 metu

147 1371 183 1433 et
205 1369 329 1431 timore
353 1367 459 1430 nimio
482 1367 583 1430 valde
607 1366 774 1450 perteriti,
807 1366 971 1432 timentes
1000 1366 1095 1430 ultra
1124 1369 1265 1431 modum

102 1482 129 1521 10
148 1457 366 1541 gravissimos
389 1456 480 1518 ictus
503 1454 659 1538 lapidum
683 1461 907 1538 magnorum²
934 1458 1038 1539 atque
1062 1457 1153 1520 ictus
1177 1457 1266 1520 bale·

147 1546 331 1610 stariorum
355 1544 595 1620 ferocissimoS,
620 1545 797 1607 audatiam
821 1565 956 1628 quoquc
980 1547 1016 1609 et
1031 1545 1198 1610 virtutem
1217 1546 1266 1608 in·

147 1635 374 1699 trinsecorum
398 1635 602 1709 metuentes,
627 1632 741 1696 locum
764 1633 864 1695 illum
888 1633 1029 1718 preliari
1050 1655 1163 1717 neque
1183 1633 1267 1698 belli

147 1725 325 1787 fortunam
348 1744 426 1786 cum
447 1724 495 1786 eis
515 1724 687 1805 temptare
708 1724 829 1804 postea
852 1723 927 1786 ausi
946 1723 1101 1787 fuerunt.
1147 1724 1267 1787 Crede-

149 1813 235 1877 bant
258 1813 349 1876 enim
372 1805 572 1885 intrinsecib
593 1811 730 1875 cibariis
754 1831 878 1889 carere,
903 1832 1008 1894 quare
1032 1812 1147 1876 locum
1167 1812 1268 1874 illum

104 1926 131 1966 16
150 1902 277 1985 absque
322 1900 415 1965 bello
453 1902 589 1965 vincere
635 1903 671 1964 et
715 1901 843 1964 habere
891 1921 989 1984 posse
1027 1900 1270 1965 indubitanter

149 1991 344 2075 sperabant.

257 2079 388 2143 Eodem
412 2081 528 2142 antem
551 2082 707 2162 tempore
731 2078 844 2142 dictus
867 2079 1022 2142 marchio
1039 2080 1136 2161 quasi
1152 2100 1269 2144 amens

151 2170 220 2232 huc
244 2170 280 2232 et
302 2168 386 2231 illuc
409 2167 621 2250 vagipalans,
645 2167 787 2230 tandem
812 2168 855 2230 ad
879 2167 1023 2250 Papiam
1047 2171 1082 2232 et
1102 2168 1270 2233 Cremone

152 2257 329 2321 civitatem
353 2256 506 2333 accessit,
531 2256 573 2320 ab
599 2256 647 2320 eis
670 2255 876 2319 lacrimabili
900 2259 935 2320 et
958 2278 1040 2321 voce
1063 2257 1188 2320 humili
1211 2258 1270 2320 im-

106 2373 133 2412 ao
152 2346 329 2431 plorando,
354 2348 395 2408 nt
418 2366 616 2408 succursum
635 2345 765 2428 pariter
784 2347 819 2408 et
835 2345 1026 2409 subsidium
1043 2348 1087 2410 ad
1103 2367 1164 2410 sue
1179 2349 1271 2410 terre

152 2435 388 2499 defensionem
399 2434 432 2498 ei
440 2438 593 2516 prestare
604 2434 777 2511 deberent,
791 2433 986 2516 pollicendo
997 2435 1091 2519 ipse⁰
1106 2435 1269 2512 marchio,

153 2524 390 2608 promittendo
420 2526 456 2587 et
485 2523 631 2585 iurando
661 2525 787 2586 terram
813 2543 921 2598 snam,
952 2525 1113 2588 universa
1136 2524 1212 2588 loca
1235 2528 1271 2588 et

153 2616 267 2677 castra
283 2613 326 2675 ad
339 2612 554 2675 voluntatem
567 2631 683 2675 eorum
697 2631 770 2676 esse
783 2613 956 2675 daturum.
992 2611 1091 2691 Quod
1105 2613 1271 2676 auxilinm

153 2704 189 2766 et
213 2701 423 2765 adiutorium
447 2720 520 2764 esse
544 2701 686 2764 daturos
709 2699 865 2784 plenarie
883 2702 1115 2785 promiserunt
1138 2705 1173 2765 et
1197 2723 1272 2766 con·

106 2816 134 2857 ss
152 2793 331 2854 venerunt.
359 2790 608 2854 Verumtamen
620 2809 686 2870 que
699 2790 801 2854 dictis
817 2795 853 2854 et
864 2791 977 2856 verbis
994 2791 1025 2854 ei
1041 2791 1272 2875 promiserunt

152 2879 256 2943 factis
291 2898 425 2961 qnoque
463 2880 643 2943 attendere
681 2882 937 2957 recusaverunt,
976 2901 1142 2944 memores
1181 2881 1273 2944 enim

153 2968 293 3031 minime
323 2968 467 3032 fuerunt
489 2968 586 3032 verbi
610 2968 789 3031 cniusdam
816 2969 981 3051 sapientis
1005 2969 1167 3034 dicentis:
1201 2969 1273 3032 ‘nst

153 3057 301 3121 stultum
334 3052 429 3121 ’r'ere‘l
468 3057 679 3139 promittere,
720 3058 780 3120 sed
815 3058 896 3121 dare
932 3057 1071 3121 n011e0’.
1124 3058 1272 3122 Interim

153 3145 307 3209 marchio
338 3147 382 3208 ad
407 3145 556 3210 Olavasii
585 3148 702 3228 partes
733 3144 923 3221 *accedens
955 3147 1097 3210 credens
1130 3147 1272 3210 firmiter
1291 3169 1320 3217 rr.
1330 3167 1389 3210 102⁰.

107 3261 135 3301 ao
153 3254 351 3299 succursum
375 3234 502 3298 habere
527 3234 660 3309 debere,
685 3253 746 3317 per
764 3233 905 3296 nuntios
922 3254 1010 3312 suos,
1036 3255 1120 3317 qnos
1144 3237 1271 3319 inipso

152 3323 230 3387 loco
258 3326 361 3386 nocte
391 3323 563 3400 mittebat,
600 3323 648 3386 eis
679 3321 904 3404 significando
935 3322 1102 3386 auxilium
1132 3324 1268 3406 quidem

153 3415 189 3477 et
209 3433 408 3476 succursum
424 3433 444 3474 a
459 3411 696 3494 Papicnsibus,
715 3410 1011 3488 Cremonensibus,
1028 3410 1271 3475 Parmensibus

153 3504 189 3566 et
212 3501 488 3566 Terdonensibus
519 3503 554 3563 et
584 3501 628 3564 ab
660 3521 777 3564 eorum
802 3493 1039 3582 sequacibusf,
1069 3499 1229 3564 similiter
1251 3522 1272 3564 a

153 3590 347 3668 comitibus,
379 3590 645 3666 marchionibus
677 3589 881 3653 Astensibus
913 3591 948 3652 et
977 3588 1054 3651 aliis
1083 3588 1165 3651 viris
1195 3610 1272 3673 pru·

108 3705 135 3745 aa
154 3680 326 3756 dentibus,
351 3679 526 3743 nobilibus
549 3679 677 3754 amicis,
702 3677 863 3741 fidelibus
880 3679 949 3741 suis
965 3677 1104 3740 illarum
1120 3678 1272 3760 partium

153 3768 191 3831 in
213 3769 366 3851 presenti
391 3768 463 3832 fore
487 3768 698 3843 habiturum,
722 3767 885 3830 instando
907 3774 943 3830 et
959 3787 1016 3830 eos
1032 3767 1272 3831 attentissimis
1321 3832 1324 3837 ,

153 3857 313 3939 precibus
346 3857 538 3921 amonendo
573 3875 634 3939 per
665 3855 806 3919 nuntios
840 3858 875 3919 et
897 3856 1061 3937 rogando,
1095 3858 1135 3918 ut
1158 3856 1273 3919 locum

155 3945 305 4010 Clavasii
328 3947 372 4009 ad
396 3946 469 4010 eius
492 3947 655 4008 honorem
679 3947 714 4008 et
734 3944 914 4007 civitatum
930 3944 1037 4029 Papie
1054 3947 1090 4008 et
1107 3945 1272 4009 Cremone

154 4037 191 4099 et
225 4037 410 4098 amicorum
448 4035 521 4098 eius
556 4034 700 4097 firmiter
735 4036 771 4097 ct
809 4033 984 4111 securiter,
1021 4033 1131 4097 veluti
1164 4053 1272 4115 usque

106 4151 135 4190 ιο
154 4124 256 4187 modo
279 4124 445 4199 fecerant,
470 4123 655 4186 defendere
680 4124 716 4185 et
739 4125 963 4186 manutenere
984 4122 1144 4200 debeant,
1170 4123 1272 4185 fidem

154 4231 290 4296 quoque
314 4215 349 4276 et
372 4212 568 4275 iuramenta
591 4231 709 4276 eorum
731 4210 831 4275 illesa
855 4231 1066 4275 conservare.

153 4365 177 4415 a)
190 4378 352 4417 manganorum
366 4366 455 4406 conara
464 4366 529 4414 Pallr
542 4366 571 4414 cf.
581 4365 617 4408 ‘N.
626 4362 716 4404 Archlo'
725 4365 790 4415 XVI,
800 4377 827 4415 p.
836 4366 884 4415 489,
899 4377 921 4408 n.
933 4365 952 4408 7.
1007 4365 1031 4417 b)
1044 4367 1076 4405 alc
1086 4378 1118 4414 c.‚·
1131 4367 1275 4416 interpretare

154 4420 295 4522 {ppppppppoca
344 4421 365 4499 c)
379 4421 428 4470 ipse
443 4421 531 4459 bissem
546 4431 563 4462 c.
610 4417 634 4470 d)
648 4420 695 4459 fere
709 4423 835 4469 corruptum
849 4429 893 4458 essa
906 4420 998 4458 videtur.
1046 4422 1068 4469 e)
1081 4420 1132 4459 nole
1145 4431 1164 4461 e.
1209 4419 1275 4472 ilse-
