2962 4936
199 432 236 486 88
361 428 553 484 IOHANNIS
572 427 820 483 GODAGNIILLI
837 426 1020 482 ANNALIIS
1038 427 1073 484 A.
1088 431 1166 484 1228.

104 621 181 676 1228.
200 614 363 678 accedere
404 612 538 685 debere,
582 612 675 675 misit
714 612 854 675 nuntios
889 632 977 688 suos,
1014 615 1052 674 ut
1086 631 1122 676 se
1152 611 1319 675 sustinere

201 702 377 778 deberent,
403 703 512 765 donec
537 702 579 765 de
603 701 676 765 eius
699 701 807 765 fuerit
830 701 1011 765 voluntate
1034 702 1070 764 et
1092 702 1269 783 precepto.

107 811 182 857 oar.
220 823 221 827 =
307 789 577 854 MOOXXVIII.
602 790 658 854 die
674 790 838 854 Mercurii
854 789 967 852 IIII.³
994 788 1120 853 mensis
1137 787 1320 852 Octubrisl

201 879 436 943 Bononienses
467 899 544 941 cum
574 879 708 942 carocio
732 882 767 942 et
792 900 869 943 cum
892 878 1053 942 universa
1075 879 1180 959 gente
1206 897 1320 941 eornm

200 967 362 1045 militum,
387 967 554 1051 peditum,
579 968 835 1050 sagittariorum
853 970 888 1031 et
904 967 1169 1031 balestariorum
1193 969 1321 1029 etcum
1340 991 1350 1029 s

201 1056 320 1119 amicis
351 1076 469 1120 eorum
494 1056 714 1132 Florentinis,
745 1056 931 1132 Faentinis
963 1055 1212 1128 Ravenatibus,
1236 1053 1321 1118 Imo-

201 1144 354 1209 lensibus
385 1147 421 1209 et
451 1145 529 1208 aliis
556 1144 694 1207 illarum
718 1146 868 1228 partium
892 1144 1111 1208 intraverunt
1133 1144 1172 1207 in
1195 1146 1321 1207 terram

200 1233 452 1298 Mutinensium
483 1234 700 1297 inimicorum
725 1253 852 1309 eorum,
883 1236 1013 1297 terram
1044 1251 1181 1315 quoque
1206 1252 1321 1296 eorum

201 1322 406 1406 depopulari
429 1326 465 1386 et
487 1323 568 1405 igne
592 1342 743 1386 cremare
764 1315 1015 1406 proposuisseb.
1051 1321 1322 1385 Castramentati

200 1411 345 1475 fuerunt
368 1431 517 1493 namque
541 1412 632 1475 circa
656 1414 805 1474 castrum
830 1412 872 1474 de
893 1411 1045 1486 Bazano;
1069 1410 1160 1473 illud
1184 1411 1320 1493 quidem
1338 1435 1359 1474 ιο

200 1500 381 1582 manganis
412 1502 447 1564 et
471 1500 638 1583 predariis
670 1500 820 1582 undique
844 1499 1041 1564 obsidentes
1065 1503 1100 1563 et
1125 1500 1321 1582 equitantes

199 1610 261 1673 per
284 1589 504 1652 inimicorum
534 1593 662 1652 terram
685 1588 767 1670 igne
789 1588 899 1672 ipsam
923 1590 1164 1652 cremaverunt
1189 1591 1225 1653 et
1249 1608 1321 1652 con-

76 1700 180 1742 caer.
200 1678 379 1742 buserunt.
433 1678 500 1742 Die
531 1681 648 1742 autem
671 1677 815 1741 Veneris
845 1680 882 1741 et
912 1676 968 1741 die
999 1676 1137 1741 sabbati
1168 1677 1322 1760 proximo

199 1766 406 1830 Parmexani
436 1787 512 1829 cum
546 1766 679 1830 carocio
710 1769 746 1829 et
776 1767 870 1829 omni
899 1769 1003 1849 gente
1027 1785 1145 1829 eorum
1171 1766 1322 1829 militum

200 1860 236 1918 et
260 1855 418 1937 peditum
441 1855 600 1918 exierunt
623 1854 799 1918 civitatem
822 1854 859 1917 in
882 1874 1080 1918 succursum
1103 1858 1139 1919 et
1156 1854 1321 1918 auxilium
1337 1879 1358 1918 s

200 1943 451 2006 Mutinensium
476 1944 685 2007 amicorum⁰
713 1963 855 2027 pergere
878 1943 1085 2007 festinantes
1093 1944 1115 2003 ².
1153 1943 1220 2007 Die
1243 1963 1321 2008 vero

107 2053 180 2096 cas.
201 2027 396 2096 dominica‘l
414 2033 540 2096 mensis
563 2033 723 2097 veniente
747 2031 914 2096 Cremona
937 2032 1066 2096 milites
1090 2033 1223 2096 eteius
1247 2032 1321 2096 civi-

199 2120 284 2184 tatis
307 2121 491 2205 populares
514 2121 551 2183 in
575 2120 742 2184 auxilium
762 2120 1011 2185 Mutinensium
1034 2121 1208 2205 proficisci
1230 2120 1321 2185 festi-

199 2214 380 2273 naverunt.
429 2210 474 2273 Ilt
498 2231 538 2274 eo
561 2212 716 2293 tempore
741 2209 974 2273 Bononienses
998 2213 1112 2273 castra
1135 2210 1229 2272 duo³
1251 2210 1321 2272 Mu·

95 2318 181 2368 tason.
199 2299 386 2364 tinensium
413 2302 588 2382 ceperunt,
620 2298 749 2361 milites
772 2302 808 2362 et
831 2298 975 2382 pedites,
1005 2297 1079 2380 *qui
1102 2298 1359 2363 custodiendis

110 2408 183 2452 eae.
200 2408 304 2451 causa
326 2388 363 2451 in
386 2388 469 2471 ipsis
493 2388 649 2462 aderant,
680 2386 887 2451 habuerunt.
934 2386 1000 2451 Die
1029 2387 1204 2451 dominica
1220 2387 1320 2450 VIII.

200 2477 354 2540 eiusdem
388 2477 515 2541 mensis
550 2476 741 2541 Mediolani
775 2476 903 2539 milites
937 2475 1094 2540 volentes
1129 2475 1320 2540 subsidium

200 2565 476 2629 Bononiensibus
500 2566 619 2628 amIcis
643 2585 761 2628 eorum
785 2567 948 2647 prestare,
973 2568 1013 2627 ut
1037 2565 1080 2627 ad
1106 2565 1320 2647 propositum

200 2674 258 2718 eos
282 2653 415 2737 possint
437 2674 607 2726 revocare,
638 2654 706 2717 iter
729 2674 845 2717 eorum
870 2673 987 2716 versus
1011 2652 1171 2717 Cremam
1195 2654 1320 2718 direxe-

199 2744 293 2816 runt,
328 2744 457 2805 terram
491 2761 626 2823 quoque
657 2741 936 2806 Cremonensium
968 2742 1149 2806 devastare
1180 2745 1217 2806 et
1247 2762 1321 2806 con·
1337 2767 1359 2808 a

52 2844 97 2886 Oct.
106 2846 138 2886 11.
146 2845 180 2886 12.
200 2829 323 2893 burere
336 2823 586 2912 proposuisseb.
619 2829 684 2893 Die
697 2830 860 2894 Mercurii
873 2834 908 2894 et
921 2830 976 2895 die
989 2830 1082 2893 Iovis
1095 2832 1253 2913 proxima
1263 2831 1320 2898 im,-

198 2919 320 3000 petum
343 2918 529 2981 interram
555 2918 834 2982 Cremonensium
864 2919 1033 2983 facientes
1060 2919 1162 2982 villas
1187 2923 1223 2984 et
1246 2919 1321 2983 loca

199 3004 311 3068 multa
341 3005 585 3084 conbuserunt,
616 3008 758 3091 predam
788 3027 949 3089 magnam
980 3011 1217 3072 armentorum
1241 3009 1321 3073 inde

36 3107 80 3150 oe.
88 3108 179 3152 1s-1s.
199 3094 366 3157 ducentes
375 3093 397 3155 4.
445 3094 611 3159 Similiter
635 3096 689 3159 die
707 3095 858 3171 Veneris,
884 3097 940 3160 die
964 3096 1110 3173 sabbati,
1136 3097 1193 3161 die
1218 3097 1321 3162 domi·

199 3182 288 3258 nico,
321 3182 375 3246 die
405 3183 513 3259 hune,
550 3183 605 3248 die
635 3184 767 3260 Martis,
800 3185 855 3248 die
879 3185 1045 3248 Mercurii
1075 3188 1110 3248 et
1141 3186 1198 3250 oie
1229 3185 1321 3250 Iovis
1338 3211 1361 3250 a

199 3290 260 3352 per
290 3271 486 3335 districtum
519 3271 685 3336 Oremone
717 3274 912 3353 equitantes
941 3273 1042 3336 villas
1074 3276 1109 3337 et
1140 3273 1218 3338 loca
1248 3275 1321 3338 fere

198 3361 374 3441 usquead
398 3360 575 3424 civitatem
599 3361 833 3424 conbuserunt
843 3361 863 3421 ⁵.

198 3493 220 3541 a)
234 3495 297 3537 VIII.
311 3508 336 3544 a,
351 3498 408 3546 quod
421 3497 565 3545 Godaynellus
578 3497 670 3534 scribere
688 3507 730 3534 non
742 3498 827 3544 μανίη
845 3498 874 3545 cf.
889 3499 952 3545 infra
966 3499 981 3537 l.
992 3499 1026 3540 21.
1093 3499 1117 3549 1))
1136 3501 1165 3547 et.
1181 3501 1219 3543 ‘M
1233 3497 1322 3540 Archio’

197 3549 263 3598 XVI,
272 3561 295 3598 p.
306 3549 352 3590 268.
393 3549 414 3601 c)
427 3559 504 3589 eorum
514 3551 654 3597 supplendum
668 3560 712 3588 esse
721 3551 813 3600 videtur,
827 3554 850 3588 ur
859 3552 973 3589 sexcenties
982 3552 1080 3600 osdayn.
1089 3554 1187 3603 scripsit.
1229 3553 1323 3605 d)vl11.

198 3602 296 3641 eiusdem
310 3606 334 3640 ut
348 3603 363 3642 l.
374 3603 408 3642 21.
419 3603 452 3644 22,
465 3603 606 3650 ercpplendum
621 3613 664 3641 esse
678 3603 770 3642 videtur.
1340 3602 1363 3641 66

200 3706 226 3771 1)
250 3707 372 3758 Eundem
396 3708 466 3758 diem
489 3706 584 3757 habent
606 3708 678 3762 Aen.
702 3715 748 3762 eet.
768 3708 875 3772 Mutia,
894 3710 1042 3774 Muratore',
1068 3712 1116 3767 SS.
1140 3714 1194 3779 XI,
1217 3716 1264 3768 eol.
1278 3717 1321 3776 59,

198 3778 247 3841 qui
264 3778 359 3840 optime
376 3777 408 3827 de
420 3777 470 3826 hac
485 3777 648 3842 eepeditione
659 3779 790 3842 referunt.
820 3779 881 3831 Iam
893 3781 963 3847 Sept.
975 3783 1019 3836 29.
1031 3783 1193 3835 obsidionem
1204 3791 1322 3852 coeptam

198 3860 252 3896 esse
270 3846 629 3909 traditTobsunuse.188‚
645 3866 673 3914 p.
688 3852 752 3914 7223
771 3850 841 3915 quod
858 3853 913 3901 iam
933 3852 1003 3918 Sept.
1017 3857 1041 3907 5.
1061 3855 1164 3917 foetum
1184 3871 1238 3908 esse
1256 3861 1322 3907 certe

199 3915 273 3978 falso
285 3915 408 3978 referunt
420 3917 492 3969 Ana.
503 3917 595 3971 Parm.
608 3921 670 3972 mei.
684 3937 710 3985 p.
720 3921 780 3973 667.
835 3922 862 3987 2)
881 3923 995 3973 Demum
1004 3931 1146 3990 postquem
1159 3925 1322 3978 Baeeonum

199 3985 287 4036 tribus
312 3987 469 4050 septimanis
487 3985 617 4039 obsessum
635 3996 680 4053 est,
707 3990 803 4042 borram
821 3994 965 4044 esereitum
990 3995 1126 4046 advenisse
1143 3996 1216 4060 sobo
1235 3997 1322 4048 tradit
1339 4011 1364 4048 lo

203 4055 361 4106 Tolosanus.
415 4058 444 4123 3)
463 4057 589 4123 Viqnolue
605 4065 723 4110 cerarum
741 4060 793 4115 oa.
808 4064 849 4115 10.
868 4071 975 4130 captum
993 4079 1046 4116 esse
1064 4067 1136 4120 Ana.
1155 4073 1203 4122 eet.
1220 4067 1321 4122 Mutis.

199 4126 330 4190 referunt.
412 4127 439 4193 4)
461 4128 527 4179 Vide
544 4128 683 4180 reditiones
700 4131 816 4182 duorum
834 4136 1005 4185 notariorum
1023 4136 1055 4186 de
1073 4135 1323 4191 Mediolunmsibus

199 4201 301 4246 terram
313 4198 385 4248 eirca
398 4199 541 4250 Samiam
556 4199 599 4250 die
612 4200 665 4255 Oct.
679 4203 721 4254 13.
734 4204 908 4269 vacantibus,
925 4205 1121 4272 Winleelmann,
1134 4210 1204 4260 Acta
1216 4211 1284 4278 imp.
1297 4211 1321 4276 I,

194 4282 226 4331 p·
244 4267 297 4319 491
315 4282 364 4332 eq„
395 4284 440 4323 nr,
460 4270 521 4322 612.
564 4269 642 4321 Aliae
666 4277 782 4335 quotuor
805 4273 945 4325 relationes
969 4276 1069 4328 similes
1092 4279 1213 4331 mum
1236 4282 1324 4334 editae

199 4341 271 4399 sunt,
290 4352 357 4402 quus
374 4340 438 4390 citet
456 4340 609 4404 Astepiono,
629 4340 691 4391 Cod.
709 4342 777 4407 dipl.
794 4343 913 4397 Oremon.
931 4344 955 4406 I,
970 4361 1000 4409 p.
1014 4349 1076 4412 261,
1096 4364 1140 4402 nr.
1153 4352 1322 4408 455-458.
1339 4366 1366 4406 ss

200 4407 227 4471 ὃ)
247 4405 312 4458 Viuo
329 4409 466 4473 meroem
484 4411 603 4460 iussum
617 4414 756 4476 potestatis
770 4411 952 4466 Cremonensis
969 4415 1088 4468 adhunc
1105 4421 1136 4470 in
1153 4422 1323 4489 ezpeditiose

200 4481 347 4528 urorentem
364 4478 456 4530 datum
474 4496 494 4533 e.
509 4479 562 4536 Oct.
575 4481 619 4543 20,
633 4480 695 4534 Cod.
707 4482 774 4548 dipl.
788 4483 905 4542 Oremon.
920 4484 943 4551 I,
959 4502 988 4552 p.
1001 4487 1063 4552 261,
1078 4504 1121 4543 nr.
1132 4492 1195 4546 459.
