2962 4936
305 445 495 503 IOHANNIS
514 447 760 502 GODAGNELLI
778 447 958 503 Arsanus
977 449 1013 506 A.
1028 451 1106 505 1231.
1222 452 1275 506 105

150 636 188 697 et
217 632 295 696 loca
325 635 360 696 et
391 633 504 695 castra
534 631 751 714 subiuganda
774 636 810 696 et
834 633 1079 716 depopulanda
1102 633 1271 716 aripuere.
1294 639 1374 693 1231.

152 722 218 785 Die
252 741 332 785 vero
360 720 503 784 Veneris
539 721 684 803 proximi
719 722 894 804 sequentis
932 722 1060 786 milites
1095 722 1272 786 Placentie
1294 744 1394 785 naara.

151 831 295 874 numero
318 811 382 872 LX
413 810 575 873 decenter
605 811 718 887 armis,
754 811 860 892 equis,
895 811 1090 894 temptoriis
1125 814 1160 875 et
1196 810 1273 875 aliis

151 899 254 963 rebus
283 899 483 962 necessariis
513 899 689 982 preparati
720 919 797 961 cum
832 903 973 962 centum
1004 899 1197 963 balestariis
1229 901 1273 963 ad

113 1007 129 1046 ⁵
153 987 343 1053 communis
354 986 533 1051 Placentie
546 1007 711 1072 expensas
729 987 779 1050 *in
795 987 948 1052 subsidio
961 988 1272 1053 Mediolanensium
1293 1009 1325 1060 *a
1335 1012 1392 1055 101⁰.

152 1078 369 1161 perexerunt.
406 1076 471 1139 Die
484 1076 607 1139 Martis
620 1075 680 1139 VI.
696 1075 775 1138 Kal.
789 1076 883 1140 lunii
900 1078 1069 1141 exercitus
1082 1077 1273 1142 Mediolani
1293 1101 1349 1140 nair
1359 1102 1391 1145 sr.

153 1187 230 1230 cum
246 1165 484 1230 Vercellarum
507 1165 676 1229 militibus
707 1169 743 1228 et
766 1166 942 1248 peditibus
971 1168 1007 1230 et
1030 1188 1108 1230 cum
1132 1170 1272 1230 centum

152 1254 321 1318 militibus
333 1255 366 1317 N
368 1255 482 1317 ovarie
499 1256 535 1317 et
550 1254 654 1318 turba
671 1273 795 1336 magna
810 1255 969 1338 peditum
986 1259 1115 1319 etcum
1132 1258 1272 1319 centum

151 1343 320 1408 militibus
338 1343 453 1407 Brixie
477 1346 513 1407 et
537 1346 676 1407 centum
700 1343 869 1407 militibus
885 1344 1094 1407 Alexandria
1119 1348 1155 1408 et
1176 1344 1272 1406 mille

106 1453 134 1492 10
152 1433 327 1517 peditibus
351 1435 387 1496 et
410 1432 488 1495 aliis
512 1432 714 1514 quibusdam
741 1453 859 1496 eorum
875 1433 994 1497 amicis
1014 1433 1104 1496 circa
1120 1437 1272 1497 castrum

152 1523 195 1586 de
217 1521 374 1585 Olavasio
398 1542 460 1584 sua
483 1525 673 1605 posuerunt
696 1523 848 1586 tentoria
858 1521 879 1598 1,
903 1522 992 1585 illud
1015 1523 1169 1605 undique
1193 1543 1272 1585 cum

151 1611 341 1692 manganis,
373 1611 550 1694 predariis,
582 1611 699 1694 gattis,
731 1611 911 1675 trabuchis¹
942 1614 978 1675 et
1001 1612 1078 1675 aliis
1103 1611 1271 1674 machinis

151 1700 298 1764 viriliter
322 1702 574 1784 expugnantes;
605 1701 697 1781 quod
721 1704 873 1764 castrum
896 1700 997 1764 fossis
1022 1703 1056 1764 et
1080 1701 1195 1783 spadis
1219 1701 1271 1762 fir·

152 1789 311 1852 missimis
346 1793 422 1853 erat
455 1789 608 1871 undique
647 1789 818 1851 munitum
858 1790 989 1873 pariter
1024 1792 1059 1852 et
1092 1789 1271 1852 vallatum.

104 1896 133 1936 1⁶
150 1878 284 1942 Revera
307 1881 458 1941 castrum
481 1877 571 1939 illud
590 1880 705 1961 potest
724 1878 879 1961 appelari
895 1877 1092 1942 Clavasium
1108 1899 1149 1942 ex
1165 1877 1271 1941 clave.

152 1967 215 2030 Est
238 1967 344 2030 clavis
368 1967 411 2030 ad
435 1969 550 2050 partes
574 1966 716 2029 Taurini
739 1967 936 2031 volentibus
960 1968 1132 2044 accedere,
1167 1966 1272 2052 simili

152 2057 253 2119 modo
284 2056 328 2119 ad
358 2058 475 2139 partes
498 2055 735 2119 Vercellarum
764 2057 994 2121 venientibus·
1043 2056 1127 2120 Cum
1154 2059 1271 2119 autem

151 2145 185 2207 in
212 2144 390 2208 obsidione
413 2144 521 2227 ipsius
538 2145 641 2207 castri
657 2148 908 2227 permanerent,
934 2145 1162 2229 percipientes
1179 2145 1271 2227 quod
1365 2196 1368 2200 .

150 2234 353 2317 inceperant
383 2234 427 2296 ad
458 2235 562 2296 finem
591 2253 808 2316 nequaquam
843 2235 1030 2316 perducere
1060 2255 1168 2317 posse,
1204 2233 1271 2296 nisi

102 2341 133 2381 ao
150 2322 362 2386 intrantibus
393 2326 429 2387 et
459 2322 664 2386 exeuntibus
695 2323 737 2386 de
767 2322 842 2406 ipso
872 2322 949 2386 loco
978 2322 1165 2386 transitum
1198 2343 1271 2405 pro·

151 2412 312 2475 biberent
346 2445 390 2454 -
424 2411 601 2475 habebant
636 2411 728 2476 enim
762 2412 942 2476 intrinseci
976 2412 1013 2474 in
1047 2412 1151 2475 fluvio
1184 2411 1271 2473 Padi

151 2521 255 2564 naves
279 2500 483 2564 mirabiliter
507 2503 734 2577 constructas,
758 2501 910 2564 munitas
927 2500 1121 2564 balestariis
1138 2503 1173 2564 et
1189 2499 1271 2563 viris

150 2590 389 2673 prudentibus,
416 2610 493 2652 cum
517 2589 641 2671 quibus
659 2589 856 2654 volentibus
880 2590 1010 2654 intrare
1033 2591 1069 2652 in
1093 2590 1167 2673 ipso
1192 2588 1268 2652 loco

151 2680 187 2742 et
210 2679 301 2742 exire
326 2681 361 2742 et
383 2677 550 2741 victualia
569 2681 604 2742 et
620 2678 690 2741 alia
704 2679 896 2743 necessaria
912 2682 1067 2763 prestare
1083 2679 1268 2742 transitum

103 2786 131 2826 ss
150 2767 351 2850 prebebant.
377 2802 420 2810 -
451 2767 528 2830 Hoc
567 2770 684 2831 autem
715 2768 787 2832 viso
821 2773 856 2832 et
887 2769 1027 2850 cognito
1057 2768 1111 2831 illi
1144 2770 1187 2832 de
1218 2788 1270 2831 ex·

150 2856 326 2940 peditione
356 2876 460 2919 naves
491 2859 630 2920 centum
665 2857 835 2932 fecerunt,
872 2878 956 2941 quas
987 2857 1138 2922 mirabili
1168 2877 1270 2940 opere

148 2946 187 3006 in
216 2945 321 3008 fluvio
351 2945 439 3008 Padi
469 2947 745 3022 construxerunt,
776 2946 868 3029 ipsas
899 2947 1092 3011 balestariis
1123 2949 1159 3010 et
1188 2946 1270 3009 viris

149 3034 379 3118 prudentibus
410 3037 640 3098 armaverunt.
691 3035 735 3097 Et
771 3037 853 3098 dum
889 3037 952 3098 hec
983 3041 1177 3118 agerentur,
1215 3036 1270 3099 die

150 3122 286 3186 sabbati
317 3123 407 3187 IIII.
433 3123 512 3186 Kal.
544 3123 628 3186 Iulii
662 3126 764 3188 nocte
798 3124 968 3199 veniente,
1005 3125 1116 3206 prima
1150 3124 1270 3207 vigilia
1289 3153 1384 3195 uass.

103 3231 131 3271 ao
149 3211 258 3294 ipsius
281 3213 393 3276 noctis
417 3212 557 3294 *magna
585 3212 688 3276 turba
710 3212 862 3275 militum
887 3213 1056 3276 exercitus
1080 3213 1268 3276 Taurinum
1289 3242 1319 3291 *a
1330 3242 1389 3282 101«,

150 3301 402 3383 equitaverunt,
438 3302 581 3364 fluvium
616 3322 751 3384 quoque
782 3301 869 3364 Padi
904 3321 965 3384 per
994 3304 1136 3383 pontem
1167 3322 1270 3384 super

149 3389 285 3453 Padum
318 3391 416 3454 iuxta
449 3391 639 3453 Taurinum
675 3392 911 3454 constructum
948 3390 1171 3453 transierunt.
1226 3391 1268 3451 In

148 3482 277 3542 terram
302 3479 406 3543 etiam
431 3479 639 3543 marchionis
661 3479 833 3543 intrantes
856 3478 956 3542 villas
987 3481 1023 3542 et
1052 3479 1129 3541 loca
1159 3477 1270 3540 multa

150 3567 394 3631 conbuserunt.
433 3568 589 3631 Audiens
608 3572 725 3632 autem
741 3568 895 3632 marchio
913 3569 1088 3632 decorum
1106 3568 1267 3642 adventu,

103 3675 131 3715 a
150 3656 210 3738 qui
241 3677 318 3719 cum
347 3659 452 3741 gente
482 3677 545 3720 sua
574 3677 636 3740 per
658 3657 810 3721 medium
835 3657 1030 3721 Olavasium
1053 3656 1158 3719 fluvio
1182 3655 1269 3718 Padi

150 3745 324 3810 mediante
348 3766 410 3809 sua
434 3748 595 3828 posuerat
620 3748 741 3822 castra,
766 3748 944 3828 tamquam
968 3746 1141 3828 orphanus
1166 3747 1201 3808 et
1224 3744 1267 3807 ab

150 3833 270 3898 amicis
294 3834 512 3911 derelictus²‚
545 3833 700 3898 collectis
723 3835 884 3898 tentoriis
908 3838 943 3899 et
967 3834 1168 3918 albergariis
1193 3854 1269 3896 con-

149 3998 172 4045 a)
185 3997 309 4045 mendavi;
323 3995 416 4037 deiectis
431 4009 460 4045 e.,·
473 3998 502 4045 cf.
517 4009 586 4047 supra
596 4010 621 4047 p.
630 3999 664 4047 93,
679 3999 737 4041 l.19.

150 4139 178 4205 1)
207 4139 250 4202 ef.
275 4145 379 4192 cartam
406 4141 498 4191 datam
521 4140 584 4196 Ian.
605 4143 646 4195 14.
674 4140 703 4192 in
730 4139 873 4193 obsidione
898 4138 1028 4206 Olavaxii,
1055 4141 1118 4207 Rea.
1144 4141 1212 4207 Imp.
1237 4140 1268 4203 V,

103 4216 132 4256 ⁴0
150 4226 193 4264 nr.
207 4212 303 4266 13069.
340 4211 382 4275 Cf.
402 4227 469 4278 quae
487 4211 632 4264 Schiavina
652 4213 669 4266 l.
689 4212 704 4266 l.
724 4213 817 4277 tradit,
843 4213 888 4264 sed
912 4213 955 4263 hic
979 4214 1009 4262 in
1035 4212 1085 4263 hac
1109 4213 1270 4264 narratione

149 4287 173 4333 ei
190 4282 308 4345 fortasse
332 4285 361 4334 ia
376 4283 595 4349 praecedentibus
615 4284 747 4336 dalvanii
763 4284 910 4349 Flammae,
930 4283 1036 4349 Manip.
1055 4284 1154 4348 florum
1172 4299 1192 4336 e.
1206 4285 1268 4338 263.

148 4353 217 4475 didit}
241 4354 308 4406 loeas
334 4370 368 4406 ea·
394 4354 438 4405 his
465 4355 609 4406 annalibus
638 4357 761 4406 maaima
791 4371 825 4406 ea·
849 4359 929 4422 parte
955 4359 1090 4420 eaeerptos
1117 4354 1270 4407 adhibuisse

148 4438 164 4473 a
217 4440 261 4479 ur.
