2962 4936
208 416 243 470 60
369 413 558 468 IOHANNIS
576 412 824 468 OODAGNMLLI
842 414 1024 470 ANNALMS
1042 415 1078 472 A.
1093 419 1170 473 1215.

110 604 186 658 1215.
208 619 286 662 curn
310 597 368 659 Ma
396 596 564 660 militibus
595 598 731 679 egregie
755 596 889 661 bellicis
913 598 1043 681 paratis
1071 599 1175 663 armis
1199 602 1328 682 magni·

208 687 271 750 fiee
296 689 331 749 et
355 685 518 749 decenter
537 689 687 761 venerut,
713 688 749 750 et
764 684 1000 751 Vercellenses
1018 709 1096 750 cum
1112 689 1207 751 omni
1223 693 1328 771 gente

209 795 326 838 eorum
358 773 449 836 circa
479 773 674 856 predictum
703 774 817 838 locum
849 775 1077 839 obsidendum
1100 777 1231 860 pariter
1256 799 1327 842 coa-

208 863 332 926 dunati
361 862 406 925 ud
435 863 704 945 expugnandum
734 883 812 925 cum
835 865 1096 946 quatuordecim
1119 865 1213 930 inter
1236 889 1328 930 man·

38 975 191 1024 narem).
207 972 315 1034 ganos
346 953 381 1014 et
410 951 586 1034 predarias
610 951 666 1014 die
690 951 863 1016 dominica
878 951 939 1015 VI.
964 953 1044 1016 Kal.
1067 954 1243 1037 Augustil
1267 976 1361 1019 suas

208 1041 311 1105 fixere
335 1039 503 1115 tentoria;
536 1040 595 1121 qui
618 1039 714 1103 locus
737 1040 869 1104 fossato
893 1045 929 1104 et
952 1063 1050 1105 muro
1073 1043 1227 1126 undique
1253 1048 1328 1108 erat

208 1128 440 1192 circumdatus
472 1131 508 1192 et
537 1129 708 1204 munitus;
745 1149 845 1211 quem
877 1150 954 1192 cum
984 1132 1164 1214 manganis
1195 1135 1231 1196 et
1256 1154 1327 1216 pre·

208 1217 321 1293 dariis,
347 1218 467 1281 castris
483 1217 682 1299 lignaminis
698 1219 734 1281 et
749 1217 827 1280 aliis
843 1219 1012 1282 machinis
1027 1219 1174 1284 viriliter
1189 1242 1328 1304 manga·

208 1311 378 1370 naverunt
402 1309 438 1370 et
461 1309 754 1389 expugnaverunt,
780 1309 815 1370 et
840 1308 883 1370 de
906 1307 1013 1390 ipsius
1037 1307 1105 1370 loci
1125 1330 1224 1373 muro
1248 1310 1328 1393 plus

209 1394 293 1459 OOC
318 1395 460 1459 brachia
484 1395 666 1459 diruerunt
689 1399 725 1459 et
748 1400 1044 1478 expugnaverunt.
1346 1421 1370 1458 10

105 1511 160 1559 aaa.
170 1513 191 1553 5.
313 1485 380 1549 Die
396 1489 513 1548 autem
528 1484 693 1548 Mercurii
711 1483 752 1547 V.
774 1485 898 1548 mensis
914 1485 1066 1567 Augusti
1081 1506 1194 1550 comes
1211 1488 1254 1550 de
1272 1487 1328 1551 Sa-

207 1574 309 1657 bogia
322 1577 358 1638 et
369 1573 645 1637 Mediolanenses
662 1575 698 1636 et
709 1573 946 1650 Alexandrini,
964 1573 1073 1656 quiin
1090 1575 1165 1658 ipsa
1181 1576 1328 1639 aderant

208 1663 436 1746 expeditione,
460 1662 497 1723 in
517 1661 742 1725 strictissimis
762 1662 872 1736 antiis,
897 1662 1030 1727 scilicet
1049 1663 1327 1729 Mediolanenses

207 1772 248 1815 ex
278 1772 348 1813 una-
377 1753 486 1833 parte,
524 1753 559 1812 et
581 1749 817 1814 Vercellenscs
847 1771 889 1814 ex
919 1751 1040 1828 altera,
1076 1754 1112 1817 et
1146 1773 1260 1817 comes
1291 1757 1327 1818 et

206 1839 434 1903 Alexandrini
464 1859 505 1902 ex
535 1839 612 1903 aliis
642 1840 809 1922 partibus,
841 1841 885 1903 ad
915 1841 1110 1923 predictum
1134 1841 1249 1905 locum
1274 1863 1370 1906 ex-1a

206 1928 432 2011 pugnandum
463 1931 499 1992 et
529 1929 734 2011 capiendum
765 1949 800 1992 se
831 1933 1112 2012 preparaverunt.
1157 1929 1326 1996 Videntes

206 2036 287 2079 vero
317 2017 496 2081 intrinseci
526 2017 683 2081 inimicos
718 2017 761 2081 ab
791 2017 930 2101 incepto
962 2018 1126 2083 desistere
1156 2019 1324 2095 nolentes,

207 2102 266 2168 sed
301 2105 426 2168 armati
461 2112 496 2169 et
531 2105 717 2169 aschlerati
739 2126 858 2170 versus
892 2106 1008 2170 locum
1040 2110 1223 2190 pergentes
1247 2130 1325 2172 eum

206 2194 386 2276 manganis
421 2197 456 2258 et
490 2195 658 2278 predariis
694 2197 729 2258 et
765 2195 881 2278 gattis,
921 2196 1052 2271 castris,
1089 2197 1254 2279 pontibus
1290 2202 1325 2262 et

206 2282 316 2356 scalis,
352 2286 395 2347 de
430 2283 554 2366 quibus
588 2283 667 2367 plus
702 2286 841 2346 centum
872 2284 1058 2361 habebant,
1090 2286 1180 2349 circa
1210 2281 1320 2350 illudb
1342 2313 1368 2351 20

205 2371 318 2435 locum
342 2392 377 2436 se
402 2375 633 2436 construxere.
680 2371 855 2436 Timentes
878 2372 996 2455 itaque
1024 2374 1102 2455 qui⁰
1131 2374 1245 2438 locum
1271 2378 1324 2440 de-

204 2461 406 2537 fendebant,
430 2482 474 2525 ne
498 2460 641 2543 capitali
664 2461 835 2525 sententie
852 2462 1018 2538 subirent,
1044 2462 1073 2525 si
1097 2483 1158 2546 per
1180 2464 1250 2527 vim
1266 2485 1324 2528 eos

102 2579 186 2625 affigas,
206 2552 377 2632 caperent,
413 2549 541 2632 apertis
576 2549 685 2632 portis
721 2548 911 2627 *exeuntes
946 2551 983 2612 iu
1017 2552 1175 2615 manibus
1211 2553 1323 2617 claves

205 2639 393 2721 portantes,
418 2638 583 2720 potestati
600 2637 812 2701 Mediolani2
835 2660 897 2722 pro
921 2641 1130 2723 prexoneriis
1154 2661 1229 2704 cum
1256 2662 1323 2704 om·

205 2725 306 2789 nibus
329 2726 441 2802 rebus
466 2747 532 2808 que
555 2725 688 2809 inipso
713 2730 825 2791 castro
850 2729 1004 2803 aderent,
1030 2749 1065 2793 se
1086 2729 1322 2808 reddiderunt,
1341 2756 1366 2795 ns

206 2814 356 2898 exceptis
386 2815 591 2892 forensibus,
628 2815 687 2896 qui
717 2815 753 2877 in
783 2816 857 2900 ipso
890 2817 966 2881 loco
999 2819 1154 2893 aderant,
1189 2819 1250 2901 qui
1283 2840 1324 2883 ex

205 2905 307 2986 pacto
331 2906 366 2966 et
390 2904 573 2967 concordia
597 2925 674 2966 cum
699 2905 858 2968 omnibus
881 2906 983 2970 rebus
1008 2926 1125 2970 eorum
1150 2907 1321 2983 exierunt;

206 3012 307 3075 quem
331 2992 445 3056 locum
468 2992 745 3057 Mediolanenses
769 2997 805 3057 et
821 2994 1057 3059 Vercellenscs
1082 2996 1265 3059 diruerunt
1287 3000 1323 3059 et

93 3080 95 3084 '
206 3082 449 3145 destruxerunt
459 3081 480 3143 3.
527 3081 613 3145 Illos
643 3103 778 3165 quoque
810 3083 852 3146 de
882 3084 956 3166 ipso
986 3084 1062 3148 loco
1086 3083 1322 3147 Mediolanum

205 3173 240 3233 et
256 3169 431 3234 Vercellas
455 3171 629 3234 duxerunt
653 3173 689 3235 et
711 3171 747 3233 in
772 3191 907 3236 carcere
930 3171 1150 3255 posuerunt4.
1341 3198 1366 3237 so

109 3287 194 3328 rurae.
310 3258 482 3323 MOOXV.
514 3260 570 3324 die
600 3259 764 3323 Mercurii
794 3260 884 3322 IIII.
909 3261 989 3323 Kal.
1017 3261 1106 3343 Aug.
1136 3259 1323 3343 Pupienses

203 3350 275 3410 tam
307 3348 436 3413 milites
468 3369 571 3431 quam
604 3349 737 3431 pedites
771 3369 848 3412 curn
882 3350 975 3412 omni
1003 3352 1106 3432 gente
1138 3369 1257 3412 eorum
1287 3354 1323 3414 et

203 3437 310 3501 fortia
331 3437 369 3500 in
391 3440 520 3502 terrum
543 3438 763 3500 intraverunt
786 3441 938 3500 nostram
959 3442 994 3503 et
1011 3439 1055 3502 ad
1071 3438 1186 3501 locum
1202 3438 1322 3521 Burgi·

203 3526 283 3590 novi
321 3527 445 3590 armati
484 3529 519 3590 et
558 3525 744 3590 aschlerati
782 3526 893 3609 primo
931 3547 1101 3610 perexere,
1141 3527 1321 3610 ipsumque

203 3732 225 3783 a)
242 3734 303 3772 mille
317 3734 382 3776 Galo.
393 3735 504 3782 Flamma,
519 3734 602 3782 Manno.
616 3744 633 3775 r.
647 3734 694 3783 248,
720 3734 800 3775 Chron.
813 3734 885 3772 maius
899 3745 924 3783 p.
938 3735 990 3782 773,·
1009 3732 1212 3774 mediolanensibus
1226 3746 1250 3784 u,
1266 3736 1322 3784 qnod
1340 3731 1364 3771 35

202 3797 230 3824 ex
243 3788 265 3825 M
280 3791 350 3825 ortum
365 3798 408 3826 esse
418 3791 487 3835 patet.
541 3787 564 3837 b)
582 3787 612 3825 aie
626 3798 659 3837 c.,·
673 3791 692 3824 el
706 3787 768 3834 infra
778 3787 848 3835 p.89,
863 3787 924 3826 l.17.
980 3787 1000 3838 c)
1018 3788 1090 3836 suppl.
1105 3789 1197 3835 Η,-Βν.,·
1216 3800 1257 3831 om.
1272 3800 1288 3830 c.

204 3965 231 4031 1)
258 3964 312 4018 Inl.
331 3966 374 4018 27.
400 3965 455 4029 fnit
477 3981 503 4017 a.
523 3966 601 4019 1215.
626 3965 681 4016 dics
706 3964 808 4017 Lnnue.
845 3965 930 4016 Notae
955 3965 983 4018 S.
1006 3965 1115 4030 Georgii
1138 3965 1244 4019 Medici.
1265 3966 1282 4019 l.
1302 3966 1318 4019 l.

203 4036 410 4088 Mediolanenses
428 4035 482 4088 Inl.
495 4037 537 4088 26.
557 4035 662 4086 Pedum
680 4037 820 4087 transiisse
837 4035 967 4099 refernnt.
1006 4036 1056 4085 Die
1074 4036 1144 4100 Any.
1157 4038 1182 4090 2.
1202 4036 1321 4087 Alenan-

202 4107 303 4171 drinos,
324 4106 539 4170 Mediolanenses,
565 4106 746 4171 Tortenenses,
771 4105 942 4156 Vercellenaes
964 4121 991 4155 se
1014 4106 1145 4171 collepissc
1167 4106 1207 4158 nel
1223 4107 1322 4158 obsidi-

202 4193 275 4229 onem
299 4184 414 4243 coeptam
433 4192 486 4228 esse
509 4178 594 4228 trudit
612 4177 766 4239 Schineinu,
785 4177 858 4229 Ann.
876 4176 1036 4241 Alcmenen,
1056 4177 1128 4228 Hist.
1142 4183 1218 4244 potr.
1237 4179 1319 4244 Men,
1339 4185 1366 4224 40

202 4248 250 4300 SS.
269 4249 320 4314 IV,
340 4247 384 4301 col.
400 4249 459 4302 151.
492 4248 534 4312 Cf.
554 4249 628 4302 Ann.
645 4247 752 4300 Medici.
771 4249 887 4298 minores
906 4247 922 4300 l.
936 4249 953 4301 l.
1027 4249 1054 4315 2)
1074 4249 1188 4301 Brnssio
1203 4249 1322 4301 Porchue

202 4319 371 4372 Noonrn'ensi.
426 4320 454 4384 3)
475 4319 517 4382 Of.
537 4319 621 4372 enin.
638 4320 771 4370 Venturae
786 4318 865 4370 Mem.
881 4319 939 4373 Ast.
959 4334 979 4373 c.
993 4321 1037 4384 25,
1056 4319 1127 4373 Hist.
1144 4325 1217 4387 petr.
1235 4321 1319 4386 Mon,

202 4389 250 4444 SS.
270 4390 324 4455 III,
344 4390 390 4443 eol.
405 4392 465 4444 734.
537 4393 565 4456 4)
593 4389 636 4454 cf.
656 4391 719 4455 neq.
738 4389 806 4457 Imp.
824 4389 856 4453 V,
874 4407 917 4445 nr.
933 4392 1028 4446 12483.
