<?xml version="1.0" encoding="UTF-8"?>
<!DOCTYPE html PUBLIC "-//W3C//DTD XHTML 1.0 Transitional//EN"
    "http://www.w3.org/TR/xhtml1/DTD/xhtml1-transitional.dtd">
<html xmlns="http://www.w3.org/1999/xhtml" xml:lang="en" lang="en">
 <head>
  <title>
</title>
<meta http-equiv="Content-Type" content="text/html;charset=utf-8" />
  <meta name='ocr-system' content='tesseract 3.04.00' />
  <meta name='ocr-capabilities' content='ocr_page ocr_carea ocr_par ocr_line ocrx_word'/>
</head>
<body>
  <div class='ocr_page' id='page_1' title='image "./iohanniscodagne00codagoog_0025.png"; bbox 0 0 2962 4936; ppageno 0'>
   <div class='ocr_carea' id='block_1_1' title="bbox 260 407 938 466">
    <p class='ocr_par' dir='ltr' id='par_1_1' title="bbox 260 407 938 466">
     <span class='ocr_line' id='line_1_1' title="bbox 260 407 938 466; baseline 0.004 -3"><span class='ocrx_word' id='word_1_1' title='bbox 260 409 333 464; x_wconf 89' lang='lat' dir='ltr'><em>XVI</em></span> <span class='ocrx_word' id='word_1_2' title='bbox 707 407 938 466; x_wconf 81' lang='lat' dir='ltr'><em>PRAEFATIO.</em></span> 
     </span>
    </p>
   </div>
   <div class='ocr_carea' id='block_1_2' title="bbox 249 591 1382 4139">
    <p class='ocr_par' dir='ltr' id='par_1_2' title="bbox 258 591 1382 1474">
     <span class='ocr_line' id='line_1_2' title="bbox 261 591 1381 675; baseline -0.001 -17"><span class='ocrx_word' id='word_1_3' title='bbox 261 592 403 675; x_wconf 78' lang='lat' dir='ltr'><em>eoeperit,</em></span> <span class='ocrx_word' id='word_1_4' title='bbox 434 615 464 656; x_wconf 93' lang='lat' dir='ltr'><em>a.</em></span> <span class='ocrx_word' id='word_1_5' title='bbox 491 597 586 655; x_wconf 83' lang='lat'>1200.</span> <span class='ocrx_word' id='word_1_6' title='bbox 611 614 645 675; x_wconf 94' lang='grc' dir='ltr'><em>ρ.</em></span> <span class='ocrx_word' id='word_1_7' title='bbox 671 597 724 674; x_wconf 81' lang='lat'><em>28,</em></span> <span class='ocrx_word' id='word_1_8' title='bbox 754 591 810 656; x_wconf 86' lang='lat' dir='ltr'><em>ubi</em></span> <span class='ocrx_word' id='word_1_9' title='bbox 836 591 904 657; x_wconf 88' lang='lat' dir='ltr'><em>dies</em></span> <span class='ocrx_word' id='word_1_10' title='bbox 927 593 1010 675; x_wconf 77' lang='lat' dir='ltr'><em>Sept.</em></span> <span class='ocrx_word' id='word_1_11' title='bbox 1035 598 1084 657; x_wconf 89' lang='lat'><em>18.</em></span> <span class='ocrx_word' id='word_1_12' title='bbox 1109 592 1282 659; x_wconf 73' lang='lat' dir='ltr'><em>indictione</em></span> <span class='ocrx_word' id='word_1_13' title='bbox 1305 595 1381 659; x_wconf 87' lang='lat' dir='ltr'><strong><em>III.</em></strong></span> 
     </span>
     <span class='ocr_line' id='line_1_3' title="bbox 260 680 1382 762; baseline 0.003 -17"><span class='ocrx_word' id='word_1_14' title='bbox 260 681 361 760; x_wconf 79' lang='lat' dir='ltr'><em>fuisse</em></span> <span class='ocrx_word' id='word_1_15' title='bbox 384 680 510 762; x_wconf 87' lang='lat' dir='ltr'><em>dieitur,</em></span> <span class='ocrx_word' id='word_1_16' title='bbox 541 702 611 746; x_wconf 89' lang='lat' dir='ltr'><em>cum</em></span> <span class='ocrx_word' id='word_1_17' title='bbox 627 702 662 762; x_wconf 91' lang='grc' dir='ltr'><em>ρ.</em></span> <span class='ocrx_word' id='word_1_18' title='bbox 681 687 732 762; x_wconf 78' lang='lat'><em>29,</em></span> <span class='ocrx_word' id='word_1_19' title='bbox 758 681 778 745; x_wconf 86' lang='lat' dir='ltr'><em>l.</em></span> <span class='ocrx_word' id='word_1_20' title='bbox 799 687 827 744; x_wconf 91' lang='lat'><em>1.</em></span> <span class='ocrx_word' id='word_1_21' title='bbox 851 682 1041 747; x_wconf 76' lang='lat' dir='ltr'><em>indictione</em></span> <span class='ocrx_word' id='word_1_22' title='bbox 1066 683 1157 746; x_wconf 90' lang='lat' dir='ltr'><strong><em>IIII.</em></strong></span> <span class='ocrx_word' id='word_1_23' title='bbox 1181 731 1240 746; x_wconf 91' lang='lat'><em>...</em></span> <span class='ocrx_word' id='word_1_24' title='bbox 1265 705 1382 748; x_wconf 91' lang='lat' dir='ltr'><em>mense</em></span> 
     </span>
     <span class='ocr_line' id='line_1_4' title="bbox 261 770 1382 852; baseline 0.003 -18"><span class='ocrx_word' id='word_1_25' title='bbox 261 772 445 836; x_wconf 90' lang='lat' dir='ltr'><em>Decembri</em></span> <span class='ocrx_word' id='word_1_26' title='bbox 474 777 633 851; x_wconf 81' lang='lat' dir='ltr'><em>sequatur,</em></span> <span class='ocrx_word' id='word_1_27' title='bbox 662 791 693 833; x_wconf 88' lang='lat' dir='ltr'><em>a.</em></span> <span class='ocrx_word' id='word_1_28' title='bbox 713 775 808 833; x_wconf 83' lang='lat'>1203.</span> <span class='ocrx_word' id='word_1_29' title='bbox 833 791 869 851; x_wconf 92' lang='grc' dir='ltr'><em>ρ.</em></span> <span class='ocrx_word' id='word_1_30' title='bbox 887 776 938 850; x_wconf 88' lang='grc'><em>30,</em></span> <span class='ocrx_word' id='word_1_31' title='bbox 969 770 1025 834; x_wconf 87' lang='lat' dir='ltr'><em>ubi</em></span> <span class='ocrx_word' id='word_1_32' title='bbox 1054 771 1169 852; x_wconf 64' lang='lat' dir='ltr'><em>lenitur</em></span> <span class='ocrx_word' id='word_1_33' title='bbox 1191 773 1382 838; x_wconf 73' lang='lat' dir='ltr'><em>indictione</em></span> 
     </span>
     <span class='ocr_line' id='line_1_5' title="bbox 260 858 1382 945; baseline 0.001 -21"><span class='ocrx_word' id='word_1_34' title='bbox 260 860 321 937; x_wconf 91' lang='lat' dir='ltr'><em>VI,</em></span> <span class='ocrx_word' id='word_1_35' title='bbox 347 881 462 924; x_wconf 91' lang='lat' dir='ltr'><em>mense</em></span> <span class='ocrx_word' id='word_1_36' title='bbox 487 860 691 945; x_wconf 72' lang='lat' dir='ltr'><em>Septembri,</em></span> <span class='ocrx_word' id='word_1_37' title='bbox 723 880 793 924; x_wconf 94' lang='lat' dir='ltr'><em>cum</em></span> <span class='ocrx_word' id='word_1_38' title='bbox 821 858 956 924; x_wconf 77' lang='lat' dir='ltr'><em>indictio</em></span> <span class='ocrx_word' id='word_1_39' title='bbox 984 859 1109 924; x_wconf 82' lang='lat' dir='ltr'><em>Graeca</em></span> <span class='ocrx_word' id='word_1_40' title='bbox 1128 860 1209 925; x_wconf 86' lang='lat' dir='ltr'><strong><em>VII.</em></strong></span> <span class='ocrx_word' id='word_1_41' title='bbox 1234 859 1300 923; x_wconf 92' lang='lat' dir='ltr'><em>ium</em></span> <span class='ocrx_word' id='word_1_42' title='bbox 1330 860 1382 925; x_wconf 89' lang='lat' dir='ltr'><em>die</em></span> 
     </span>
     <span class='ocr_line' id='line_1_6' title="bbox 261 947 1382 1030; baseline -0.001 -17"><span class='ocrx_word' id='word_1_43' title='bbox 261 948 345 1029; x_wconf 75' lang='lat' dir='ltr'><em>Sept.</em></span> <span class='ocrx_word' id='word_1_44' title='bbox 365 956 393 1011; x_wconf 89' lang='grc'><em>1.</em></span> <span class='ocrx_word' id='word_1_45' title='bbox 418 954 524 1030; x_wconf 77' lang='lat' dir='ltr'><em>coepta</em></span> <span class='ocrx_word' id='word_1_46' title='bbox 551 947 603 1012; x_wconf 91' lang='lat' dir='ltr'><em>sit.</em></span> <span class='ocrx_word' id='word_1_47' title='bbox 649 948 794 1012; x_wconf 85' lang='lat' dir='ltr'><em>Econtra</em></span> <span class='ocrx_word' id='word_1_48' title='bbox 823 947 949 1029; x_wconf 82' lang='lat' dir='ltr'><em>quidem</em></span> <span class='ocrx_word' id='word_1_49' title='bbox 972 970 1001 1012; x_wconf 91' lang='lat' dir='ltr'><em>a.</em></span> <span class='ocrx_word' id='word_1_50' title='bbox 1023 954 1118 1011; x_wconf 80' lang='lat'>1216.</span> <span class='ocrx_word' id='word_1_51' title='bbox 1135 971 1171 1030; x_wconf 93' lang='grc' dir='ltr'><em>ρ.</em></span> <span class='ocrx_word' id='word_1_52' title='bbox 1190 954 1242 1011; x_wconf 91' lang='grc'><em>60.</em></span> <span class='ocrx_word' id='word_1_53' title='bbox 1266 949 1382 1030; x_wconf 66' lang='lat' dir='ltr'><em>lenitur</em></span> 
     </span>
     <span class='ocr_line' id='line_1_7' title="bbox 259 1036 1380 1121; baseline 0.001 -21"><span class='ocrx_word' id='word_1_54' title='bbox 259 1038 450 1103; x_wconf 76' lang='lat' dir='ltr'><em>indictione</em></span> <span class='ocrx_word' id='word_1_55' title='bbox 466 1038 507 1117; x_wconf 89' lang='lat' dir='ltr'><em>V,</em></span> <span class='ocrx_word' id='word_1_56' title='bbox 539 1058 655 1102; x_wconf 87' lang='lat' dir='ltr'><em>mense</em></span> <span class='ocrx_word' id='word_1_57' title='bbox 686 1037 907 1121; x_wconf 78' lang='lat' dir='ltr'><em>Septembris,</em></span> <span class='ocrx_word' id='word_1_58' title='bbox 938 1057 1009 1101; x_wconf 92' lang='lat' dir='ltr'><em>eum</em></span> <span class='ocrx_word' id='word_1_59' title='bbox 1037 1036 1170 1102; x_wconf 80' lang='lat' dir='ltr'><em>indictio</em></span> <span class='ocrx_word' id='word_1_60' title='bbox 1198 1036 1323 1102; x_wconf 78' lang='lat' dir='ltr'><em>Graeca</em></span> <span class='ocrx_word' id='word_1_61' title='bbox 1343 1038 1380 1101; x_wconf 89' lang='lat' dir='ltr'><em>V.</em></span> 
     </span>
     <span class='ocr_line' id='line_1_8' title="bbox 261 1125 1379 1207; baseline -0.001 -17"><span class='ocrx_word' id='word_1_62' title='bbox 261 1126 343 1207; x_wconf 79' lang='lat' dir='ltr'><em>Sept.</em></span> <span class='ocrx_word' id='word_1_63' title='bbox 364 1133 391 1207; x_wconf 87' lang='lat'><em>1,</em></span> <span class='ocrx_word' id='word_1_64' title='bbox 416 1125 549 1191; x_wconf 87' lang='lat' dir='ltr'><em>indictio</em></span> <span class='ocrx_word' id='word_1_65' title='bbox 570 1125 711 1190; x_wconf 87' lang='lat' dir='ltr'><em>Bedana</em></span> <span class='ocrx_word' id='word_1_66' title='bbox 730 1125 767 1190; x_wconf 86' lang='lat' dir='ltr'><em>V.</em></span> <span class='ocrx_word' id='word_1_67' title='bbox 792 1125 877 1207; x_wconf 76' lang='lat' dir='ltr'><em>Sept.</em></span> <span class='ocrx_word' id='word_1_68' title='bbox 894 1130 946 1189; x_wconf 80' lang='lat'><em>24.</em></span> <span class='ocrx_word' id='word_1_69' title='bbox 971 1125 1067 1190; x_wconf 85' lang='lat' dir='ltr'><em>buius</em></span> <span class='ocrx_word' id='word_1_70' title='bbox 1095 1125 1177 1190; x_wconf 75' lang='lat' dir='ltr'><em>aurii</em></span> <span class='ocrx_word' id='word_1_71' title='bbox 1200 1132 1305 1206; x_wconf 75' lang='lat' dir='ltr'><em>coepta</em></span> <span class='ocrx_word' id='word_1_72' title='bbox 1328 1125 1379 1207; x_wconf 90' lang='lat' dir='ltr'><em>sit,</em></span> 
     </span>
     <span class='ocr_line' id='line_1_9' title="bbox 259 1213 1382 1296; baseline -0.001 -17"><span class='ocrx_word' id='word_1_73' title='bbox 259 1216 315 1279; x_wconf 89' lang='lat' dir='ltr'><em>sed</em></span> <span class='ocrx_word' id='word_1_74' title='bbox 336 1217 420 1296; x_wconf 79' lang='lat' dir='ltr'><em>quod</em></span> <span class='ocrx_word' id='word_1_75' title='bbox 440 1213 487 1279; x_wconf 86' lang='lat' dir='ltr'><em>ibi</em></span> <span class='ocrx_word' id='word_1_76' title='bbox 509 1215 657 1295; x_wconf 83' lang='lat' dir='ltr'><em>refertur,</em></span> <span class='ocrx_word' id='word_1_77' title='bbox 688 1213 795 1278; x_wconf 86' lang='lat' dir='ltr'><em>airum</em></span> <span class='ocrx_word' id='word_1_78' title='bbox 824 1213 951 1294; x_wconf 79' lang='lat' dir='ltr'><em>quidem</em></span> <span class='ocrx_word' id='word_1_79' title='bbox 972 1213 1179 1278; x_wconf 81' lang='lat' dir='ltr'><em>Brinieusem</em></span> <span class='ocrx_word' id='word_1_80' title='bbox 1196 1220 1382 1295; x_wconf 76' lang='lat' dir='ltr'><em>potestatem</em></span> 
     </span>
     <span class='ocr_line' id='line_1_10' title="bbox 259 1302 1379 1384; baseline -0.002 -16"><span class='ocrx_word' id='word_1_81' title='bbox 259 1302 397 1368; x_wconf 87' lang='lat' dir='ltr'><em>ciuitatis</em></span> <span class='ocrx_word' id='word_1_82' title='bbox 415 1302 623 1368; x_wconf 79' lang='lat' dir='ltr'><em>Placentinae</em></span> <span class='ocrx_word' id='word_1_83' title='bbox 644 1304 773 1368; x_wconf 80' lang='lat' dir='ltr'><em>electum</em></span> <span class='ocrx_word' id='word_1_84' title='bbox 795 1324 869 1383; x_wconf 89' lang='lat' dir='ltr'><em>esse,</em></span> <span class='ocrx_word' id='word_1_85' title='bbox 892 1324 1004 1367; x_wconf 85' lang='lat' dir='ltr'><em>reuera</em></span> <span class='ocrx_word' id='word_1_86' title='bbox 1026 1302 1111 1368; x_wconf 90' lang='lat' dir='ltr'><em>inter</em></span> <span class='ocrx_word' id='word_1_87' title='bbox 1132 1302 1200 1367; x_wconf 92' lang='lat' dir='ltr'><em>dies</em></span> <span class='ocrx_word' id='word_1_88' title='bbox 1224 1304 1308 1384; x_wconf 77' lang='lat' dir='ltr'><em>Sept.</em></span> <span class='ocrx_word' id='word_1_89' title='bbox 1325 1309 1379 1367; x_wconf 83' lang='lat'><em>24.</em></span> 
     </span>
     <span class='ocr_line' id='line_1_11' title="bbox 258 1392 826 1474; baseline -0.005 -17"><span class='ocrx_word' id='word_1_90' title='bbox 258 1398 287 1457; x_wconf 93' lang='lat' dir='ltr'><em>et</em></span> <span class='ocrx_word' id='word_1_91' title='bbox 311 1392 394 1474; x_wconf 72' lang='lat' dir='ltr'><em>Sept.</em></span> <span class='ocrx_word' id='word_1_92' title='bbox 411 1400 464 1457; x_wconf 80' lang='lat'><em>30.</em></span> <span class='ocrx_word' id='word_1_93' title='bbox 488 1393 609 1472; x_wconf 76' lang='lat' dir='ltr'><em>factum</em></span> <span class='ocrx_word' id='word_1_94' title='bbox 632 1412 697 1457; x_wconf 86' lang='lat' dir='ltr'><em>csse</em></span> <span class='ocrx_word' id='word_1_95' title='bbox 715 1397 826 1472; x_wconf 78' lang='lat' dir='ltr'><em>potest.</em></span> 
     </span>
    </p>

    <p class='ocr_par' dir='ltr' id='par_1_3' title="bbox 249 1479 1380 4139">
     <span class='ocr_line' id='line_1_12' title="bbox 306 1479 1380 1562; baseline 0 -16"><span class='ocrx_word' id='word_1_96' title='bbox 306 1491 309 1496; x_wconf 83' lang='lat'>&#39;</span> <span class='ocrx_word' id='word_1_97' title='bbox 364 1480 500 1561; x_wconf 78' lang='lat' dir='ltr'><em>Infelici</em></span> <span class='ocrx_word' id='word_1_98' title='bbox 515 1486 625 1545; x_wconf 87' lang='lat' dir='ltr'><em>euentu</em></span> <span class='ocrx_word' id='word_1_99' title='bbox 640 1479 779 1561; x_wconf 65' lang='lat' dir='ltr'><em>conticit,</em></span> <span class='ocrx_word' id='word_1_100' title='bbox 795 1486 831 1543; x_wconf 91' lang='lat' dir='ltr'><em>ut</em></span> <span class='ocrx_word' id='word_1_101' title='bbox 845 1480 958 1544; x_wconf 83' lang='lat' dir='ltr'><em>borum</em></span> <span class='ocrx_word' id='word_1_102' title='bbox 973 1479 1156 1545; x_wconf 83' lang='lat' dir='ltr'><em>Annalium</em></span> <span class='ocrx_word' id='word_1_103' title='bbox 1166 1481 1380 1562; x_wconf 73' lang='lat' dir='ltr'><em>metiosorum</em></span> 
     </span>
     <span class='ocr_line' id='line_1_13' title="bbox 257 1567 1380 1651; baseline 0 -17"><span class='ocrx_word' id='word_1_104' title='bbox 257 1591 341 1634; x_wconf 89' lang='lat' dir='ltr'><em>unus</em></span> <span class='ocrx_word' id='word_1_105' title='bbox 363 1576 487 1635; x_wconf 93' lang='lat' dir='ltr'><em>tantum</em></span> <span class='ocrx_word' id='word_1_106' title='bbox 510 1569 591 1634; x_wconf 83' lang='lat' dir='ltr'><em>iiber</em></span> <span class='ocrx_word' id='word_1_107' title='bbox 612 1591 712 1633; x_wconf 93' lang='lat' dir='ltr'><em>manu</em></span> <span class='ocrx_word' id='word_1_108' title='bbox 730 1567 868 1650; x_wconf 67' lang='lat' dir='ltr'><em>scribtus</em></span> <span class='ocrx_word' id='word_1_109' title='bbox 883 1571 927 1634; x_wconf 88' lang='lat' dir='ltr'><em>ad</em></span> <span class='ocrx_word' id='word_1_110' title='bbox 949 1590 1007 1632; x_wconf 94' lang='lat' dir='ltr'><em>nos</em></span> <span class='ocrx_word' id='word_1_111' title='bbox 1023 1569 1213 1651; x_wconf 77' lang='lat' dir='ltr'><em>peremerit,</em></span> <span class='ocrx_word' id='word_1_112' title='bbox 1238 1570 1380 1635; x_wconf 82' lang='lat' dir='ltr'><em>uidelicet</em></span> 
     </span>
     <span class='ocr_line' id='line_1_14' title="bbox 257 1656 1376 1741; baseline 0 -18"><span class='ocrx_word' id='word_1_113' title='bbox 257 1661 352 1723; x_wconf 83' lang='lat' dir='ltr'><em>eaden</em></span> <span class='ocrx_word' id='word_1_114' title='bbox 367 1659 570 1724; x_wconf 78' lang='lat' dir='ltr'><em>bibliothecae</em></span> <span class='ocrx_word' id='word_1_115' title='bbox 578 1658 727 1740; x_wconf 72' lang='lat' dir='ltr'><em>publicae</em></span> <span class='ocrx_word' id='word_1_116' title='bbox 743 1656 954 1723; x_wconf 89' lang='lat' dir='ltr'><em>Parisinae</em></span> <span class='ocrx_word' id='word_1_117' title='bbox 969 1657 1043 1722; x_wconf 90' lang='lat' dir='ltr'><em>Lat.</em></span> <span class='ocrx_word' id='word_1_118' title='bbox 1060 1678 1112 1721; x_wconf 86' lang='lat' dir='ltr'><em>nr.</em></span> <span class='ocrx_word' id='word_1_119' title='bbox 1125 1663 1222 1739; x_wconf 87' lang='grc'><strong>4931,</strong></span> <span class='ocrx_word' id='word_1_120' title='bbox 1239 1661 1317 1723; x_wconf 82' lang='lat' dir='ltr'><em>mbr.</em></span> <span class='ocrx_word' id='word_1_121' title='bbox 1331 1661 1376 1741; x_wconf 86' lang='lat'><em>4⁰,</em></span> 
     </span>
     <span class='ocr_line' id='line_1_15' title="bbox 256 1745 1378 1825; baseline 0.002 -14"><span class='ocrx_word' id='word_1_122' title='bbox 256 1768 337 1812; x_wconf 91' lang='lat' dir='ltr'><em>saec.</em></span> <span class='ocrx_word' id='word_1_123' title='bbox 357 1747 469 1812; x_wconf 86' lang='lat' dir='ltr'><strong><em>XIII.</em></strong></span> <span class='ocrx_word' id='word_1_124' title='bbox 493 1746 595 1812; x_wconf 86' lang='lat' dir='ltr'><em>medio</em></span> <span class='ocrx_word' id='word_1_125' title='bbox 625 1747 747 1811; x_wconf 83' lang='lat' dir='ltr'><em>duabus</em></span> <span class='ocrx_word' id='word_1_126' title='bbox 771 1745 924 1811; x_wconf 86' lang='lat' dir='ltr'><em>columnis</em></span> <span class='ocrx_word' id='word_1_127' title='bbox 952 1745 1106 1825; x_wconf 83' lang='lat' dir='ltr'><em>foliorum</em></span> <span class='ocrx_word' id='word_1_128' title='bbox 1135 1746 1289 1812; x_wconf 88' lang='lat' dir='ltr'><em>institutis</em></span> <span class='ocrx_word' id='word_1_129' title='bbox 1310 1771 1378 1813; x_wconf 88' lang='lat' dir='ltr'><em>una</em></span> 
     </span>
     <span class='ocr_line' id='line_1_16' title="bbox 256 1833 1378 1917; baseline 0.002 -18"><span class='ocrx_word' id='word_1_130' title='bbox 256 1857 357 1901; x_wconf 90' lang='lat' dir='ltr'><em>maun</em></span> <span class='ocrx_word' id='word_1_131' title='bbox 372 1835 554 1917; x_wconf 69' lang='lat' dir='ltr'><em>eleuautius,</em></span> <span class='ocrx_word' id='word_1_132' title='bbox 579 1837 635 1900; x_wconf 88' lang='lat' dir='ltr'><em>sed</em></span> <span class='ocrx_word' id='word_1_133' title='bbox 652 1834 750 1899; x_wconf 91' lang='lat' dir='ltr'><em>nimis</em></span> <span class='ocrx_word' id='word_1_134' title='bbox 765 1836 910 1899; x_wconf 90' lang='lat' dir='ltr'><em>mendose</em></span> <span class='ocrx_word' id='word_1_135' title='bbox 925 1833 1070 1917; x_wconf 67' lang='lat' dir='ltr'><em>scribtus,</em></span> <span class='ocrx_word' id='word_1_136' title='bbox 1094 1835 1149 1917; x_wconf 79' lang='lat' dir='ltr'><em>qui</em></span> <span class='ocrx_word' id='word_1_137' title='bbox 1165 1843 1260 1900; x_wconf 86' lang='lat' dir='ltr'><em>totam</em></span> <span class='ocrx_word' id='word_1_138' title='bbox 1276 1839 1378 1902; x_wconf 80' lang='lat' dir='ltr'><em>codec-</em></span> 
     </span>
     <span class='ocr_line' id='line_1_17' title="bbox 257 1922 1377 2005; baseline 0 -16"><span class='ocrx_word' id='word_1_139' title='bbox 257 1924 373 1989; x_wconf 86' lang='lat' dir='ltr'><em>tionem</em></span> <span class='ocrx_word' id='word_1_140' title='bbox 395 1923 580 1989; x_wconf 77' lang='lat' dir='ltr'><em>historicam</em></span> <span class='ocrx_word' id='word_1_141' title='bbox 601 1922 785 2005; x_wconf 73' lang='lat' dir='ltr'><em>Codaandti</em></span> <span class='ocrx_word' id='word_1_142' title='bbox 808 1924 953 2005; x_wconf 88' lang='lat' dir='ltr'><em>continet,</em></span> <span class='ocrx_word' id='word_1_143' title='bbox 979 1926 1019 1989; x_wconf 87' lang='lat' dir='ltr'><em>ab</em></span> <span class='ocrx_word' id='word_1_144' title='bbox 1042 1924 1076 1987; x_wconf 95' lang='grc' dir='ltr'><em>Ι.</em></span> <span class='ocrx_word' id='word_1_145' title='bbox 1091 1925 1131 1988; x_wconf 88' lang='lat' dir='ltr'><em>L.</em></span> <span class='ocrx_word' id='word_1_146' title='bbox 1148 1926 1190 1987; x_wconf 88' lang='lat' dir='ltr'><em>A.</em></span> <span class='ocrx_word' id='word_1_147' title='bbox 1207 1925 1377 1991; x_wconf 83' lang='lat' dir='ltr'><em>Huittard·</em></span> 
     </span>
     <span class='ocr_line' id='line_1_18' title="bbox 255 2011 1375 2095; baseline 0.001 -18"><span class='ocrx_word' id='word_1_148' title='bbox 255 2013 422 2078; x_wconf 83' lang='lat' dir='ltr'><em>Bre&#39;bottes</em></span> <span class='ocrx_word' id='word_1_149' title='bbox 451 2013 471 2076; x_wconf 87' lang='lat' dir='ltr'><em>t.</em></span> <span class='ocrx_word' id='word_1_150' title='bbox 496 2013 516 2076; x_wconf 87' lang='lat' dir='ltr'><em>t.</em></span> <span class='ocrx_word' id='word_1_151' title='bbox 539 2034 575 2093; x_wconf 93' lang='grc' dir='ltr'><em>ρ.</em></span> <span class='ocrx_word' id='word_1_152' title='bbox 593 2013 618 2076; x_wconf 91' lang='grc' dir='ltr'><em>Ι</em></span> <span class='ocrx_word' id='word_1_153' title='bbox 623 2012 825 2076; x_wconf 89' lang='lat' dir='ltr'><strong><em>V—XXII.</em></strong></span> <span class='ocrx_word' id='word_1_154' title='bbox 856 2019 886 2077; x_wconf 91' lang='lat' dir='ltr'><em>et</em></span> <span class='ocrx_word' id='word_1_155' title='bbox 914 2035 935 2077; x_wconf 95' lang='lat' dir='ltr'><em>a</em></span> <span class='ocrx_word' id='word_1_156' title='bbox 964 2034 1012 2078; x_wconf 87' lang='lat' dir='ltr'><em>me</em></span> <span class='ocrx_word' id='word_1_157' title='bbox 1036 2011 1091 2077; x_wconf 88' lang='lat' dir='ltr'><em>‘N.</em></span> <span class='ocrx_word' id='word_1_158' title='bbox 1114 2013 1247 2078; x_wconf 81' lang='lat' dir='ltr'><em>Arabio&#39;</em></span> <span class='ocrx_word' id='word_1_159' title='bbox 1274 2013 1375 2095; x_wconf 87' lang='lat' dir='ltr'><em>XVI,</em></span> 
     </span>
     <span class='ocr_line' id='line_1_19' title="bbox 249 2097 1374 2183; baseline 0.001 -17"><span class='ocrx_word' id='word_1_160' title='bbox 249 2124 286 2183; x_wconf 91' lang='grc' dir='ltr'><em>ρ.</em></span> <span class='ocrx_word' id='word_1_161' title='bbox 304 2106 503 2166; x_wconf 84' lang='grc'><strong>310-346.</strong></span> <span class='ocrx_word' id='word_1_162' title='bbox 532 2106 732 2165; x_wconf 82' lang='lat'>475—509.</span> <span class='ocrx_word' id='word_1_163' title='bbox 764 2101 947 2182; x_wconf 59' lang='lat' dir='ltr'><em>descriptus,</em></span> <span class='ocrx_word' id='word_1_164' title='bbox 977 2101 1015 2166; x_wconf 93' lang='lat' dir='ltr'><em>in</em></span> <span class='ocrx_word' id='word_1_165' title='bbox 1044 2122 1104 2183; x_wconf 81' lang='lat' dir='ltr'><em>quo</em></span> <span class='ocrx_word' id='word_1_166' title='bbox 1132 2097 1374 2181; x_wconf 69' lang='lat' dir='ltr'><em>fl57b—580.</em></span> 
     </span>
     <span class='ocr_line' id='line_1_20' title="bbox 255 2189 1375 2273; baseline 0 -17"><span class='ocrx_word' id='word_1_167' title='bbox 255 2190 404 2256; x_wconf 87' lang='lat' dir='ltr'><em>narratio</em></span> <span class='ocrx_word' id='word_1_168' title='bbox 426 2191 575 2270; x_wconf 82' lang='lat' dir='ltr'><em>sabulosa</em></span> <span class='ocrx_word' id='word_1_169' title='bbox 598 2189 680 2256; x_wconf 92' lang='lat' dir='ltr'><em>anni</em></span> <span class='ocrx_word' id='word_1_170' title='bbox 705 2196 800 2254; x_wconf 86' lang='grc'><strong>1000.</strong></span> <span class='ocrx_word' id='word_1_171' title='bbox 824 2189 1010 2254; x_wconf 79' lang='lat' dir='ltr'><em>Annalibus</em></span> <span class='ocrx_word' id='word_1_172' title='bbox 1032 2213 1054 2254; x_wconf 93' lang='lat' dir='ltr'><em>a</em></span> <span class='ocrx_word' id='word_1_173' title='bbox 1076 2190 1166 2255; x_wconf 85' lang='lat' dir='ltr'><em>uobis</em></span> <span class='ocrx_word' id='word_1_174' title='bbox 1182 2192 1375 2273; x_wconf 77' lang='lat' dir='ltr'><em>praemissa,</em></span> 
     </span>
     <span class='ocr_line' id='line_1_21' title="bbox 254 2278 1377 2362; baseline 0.001 -18"><span class='ocrx_word' id='word_1_175' title='bbox 254 2281 518 2360; x_wconf 55' lang='grc' dir='ltr'><em>[ΛΨ-1050.</em></span> <span class='ocrx_word' id='word_1_176' title='bbox 543 2279 608 2362; x_wconf 64' lang='lat' dir='ltr'><em>insi</em></span> <span class='ocrx_word' id='word_1_177' title='bbox 630 2280 777 2345; x_wconf 74' lang='lat' dir='ltr'><em>Annam</em></span> <span class='ocrx_word' id='word_1_178' title='bbox 799 2278 984 2344; x_wconf 82' lang='lat' dir='ltr'><em>Placentini</em></span> <span class='ocrx_word' id='word_1_179' title='bbox 1006 2285 1140 2344; x_wconf 81' lang='lat' dir='ltr'><em>eustant.</em></span> <span class='ocrx_word' id='word_1_180' title='bbox 1180 2281 1224 2344; x_wconf 93' lang='lat' dir='ltr'><em>In</em></span> <span class='ocrx_word' id='word_1_181' title='bbox 1240 2288 1377 2362; x_wconf 80' lang='lat' dir='ltr'><em>parente</em></span> 
     </span>
     <span class='ocr_line' id='line_1_22' title="bbox 255 2365 1376 2454; baseline -0.002 -20"><span class='ocrx_word' id='word_1_182' title='bbox 255 2369 351 2435; x_wconf 84' lang='lat' dir='ltr'><em>buius</em></span> <span class='ocrx_word' id='word_1_183' title='bbox 373 2369 450 2435; x_wconf 83' lang='lat' dir='ltr'><em>iibri</em></span> <span class='ocrx_word' id='word_1_184' title='bbox 472 2391 565 2450; x_wconf 77' lang='lat' dir='ltr'><em>saepe</em></span> <span class='ocrx_word' id='word_1_185' title='bbox 588 2379 736 2448; x_wconf 75' lang='lat' dir='ltr'><em>cremon,</em></span> <span class='ocrx_word' id='word_1_186' title='bbox 767 2370 950 2447; x_wconf 74' lang='lat' dir='ltr'><em>mediolan,</em></span> <span class='ocrx_word' id='word_1_187' title='bbox 981 2365 1122 2454; x_wconf 82' lang='lat' dir='ltr'><em>placent</em></span> <span class='ocrx_word' id='word_1_188' title='bbox 1145 2375 1199 2434; x_wconf 88' lang='lat' dir='ltr'><em>etc.</em></span> <span class='ocrx_word' id='word_1_189' title='bbox 1223 2369 1376 2450; x_wconf 81' lang='lat' dir='ltr'><em>scriptum</em></span> 
     </span>
     <span class='ocr_line' id='line_1_23' title="bbox 254 2457 1377 2540; baseline -0.002 -17"><span class='ocrx_word' id='word_1_190' title='bbox 254 2459 356 2538; x_wconf 83' lang='lat' dir='ltr'><em>fuisse</em></span> <span class='ocrx_word' id='word_1_191' title='bbox 384 2459 517 2539; x_wconf 87' lang='lat' dir='ltr'><em>oidctur,</em></span> <span class='ocrx_word' id='word_1_192' title='bbox 548 2460 632 2540; x_wconf 81' lang='lat' dir='ltr'><em>quod</em></span> <span class='ocrx_word' id='word_1_193' title='bbox 653 2457 809 2523; x_wconf 85' lang='lat' dir='ltr'><em>librarius</em></span> <span class='ocrx_word' id='word_1_194' title='bbox 831 2479 1070 2538; x_wconf 77' lang='lat' dir='ltr'><em>nonnummmm</em></span> <span class='ocrx_word' id='word_1_195' title='bbox 1093 2459 1177 2538; x_wconf 77' lang='lat' dir='ltr'><em>falso</em></span> <span class='ocrx_word' id='word_1_196' title='bbox 1206 2458 1309 2537; x_wconf 84' lang='lat' dir='ltr'><em>soluit,</em></span> <span class='ocrx_word' id='word_1_197' title='bbox 1340 2465 1377 2521; x_wconf 89' lang='lat' dir='ltr'><em>ut</em></span> 
     </span>
     <span class='ocr_line' id='line_1_24' title="bbox 256 2545 1374 2626; baseline -0.001 -14"><span class='ocrx_word' id='word_1_198' title='bbox 256 2548 501 2613; x_wconf 77' lang='lat' dir='ltr'><em>Cremonenses</em></span> <span class='ocrx_word' id='word_1_199' title='bbox 524 2548 572 2611; x_wconf 86' lang='lat' dir='ltr'><em>oet</em></span> <span class='ocrx_word' id='word_1_200' title='bbox 595 2547 799 2612; x_wconf 77' lang='lat' dir='ltr'><em>Cremonam</em></span> <span class='ocrx_word' id='word_1_201' title='bbox 822 2545 979 2626; x_wconf 85' lang='lat' dir='ltr'><em>scriberet,</em></span> <span class='ocrx_word' id='word_1_202' title='bbox 1009 2546 1064 2611; x_wconf 85' lang='lat' dir='ltr'><em>ubi</em></span> <span class='ocrx_word' id='word_1_203' title='bbox 1088 2548 1374 2613; x_wconf 79' lang='lat' dir='ltr'><em>Cremonensibus</em></span> 
     </span>
     <span class='ocr_line' id='line_1_25' title="bbox 254 2636 1374 2716; baseline -0.003 -15"><span class='ocrx_word' id='word_1_204' title='bbox 254 2638 303 2701; x_wconf 85' lang='lat' dir='ltr'><em>oct</em></span> <span class='ocrx_word' id='word_1_205' title='bbox 315 2637 560 2702; x_wconf 90' lang='lat' dir='ltr'><em>Cremonenses</em></span> <span class='ocrx_word' id='word_1_206' title='bbox 577 2636 740 2716; x_wconf 67' lang='lat' dir='ltr'><em>tenendum</em></span> <span class='ocrx_word' id='word_1_207' title='bbox 756 2641 833 2715; x_wconf 89' lang='lat' dir='ltr'><em>erat,</em></span> <span class='ocrx_word' id='word_1_208' title='bbox 849 2636 1073 2713; x_wconf 76' lang='lat' dir='ltr'><em>Placentinis,</em></span> <span class='ocrx_word' id='word_1_209' title='bbox 1090 2636 1145 2701; x_wconf 89' lang='lat' dir='ltr'><em>ubi</em></span> <span class='ocrx_word' id='word_1_210' title='bbox 1160 2636 1374 2700; x_wconf 82' lang='lat' dir='ltr'><em>Placentiam</em></span> 
     </span>
     <span class='ocr_line' id='line_1_26' title="bbox 253 2722 1374 2806; baseline -0.004 -16"><span class='ocrx_word' id='word_1_211' title='bbox 253 2746 331 2790; x_wconf 87' lang='lat' dir='ltr'><em>ocra</em></span> <span class='ocrx_word' id='word_1_212' title='bbox 353 2723 441 2790; x_wconf 83' lang='lat' dir='ltr'><em>lectio</em></span> <span class='ocrx_word' id='word_1_213' title='bbox 464 2730 535 2789; x_wconf 91' lang='lat' dir='ltr'><em>erat</em></span> <span class='ocrx_word' id='word_1_214' title='bbox 543 2725 564 2786; x_wconf 86' lang='lat'><em>¹.</em></span> <span class='ocrx_word' id='word_1_215' title='bbox 608 2723 670 2805; x_wconf 76' lang='lat' dir='ltr'><em>Qui</em></span> <span class='ocrx_word' id='word_1_216' title='bbox 688 2744 780 2804; x_wconf 82' lang='lat' dir='ltr'><em>saepe</em></span> <span class='ocrx_word' id='word_1_217' title='bbox 799 2745 827 2801; x_wconf 92' lang='lat' dir='ltr'><em>e,</em></span> <span class='ocrx_word' id='word_1_218' title='bbox 848 2746 876 2801; x_wconf 91' lang='lat' dir='ltr'><em>c,</em></span> <span class='ocrx_word' id='word_1_219' title='bbox 896 2729 912 2787; x_wconf 89' lang='lat' dir='ltr'><em>t</em></span> <span class='ocrx_word' id='word_1_220' title='bbox 930 2722 1015 2803; x_wconf 77' lang='lat' dir='ltr'><em>falso</em></span> <span class='ocrx_word' id='word_1_221' title='bbox 1034 2723 1115 2806; x_wconf 71' lang='lat' dir='ltr'><em>teuit,</em></span> <span class='ocrx_word' id='word_1_222' title='bbox 1140 2723 1241 2789; x_wconf 84' lang='lat' dir='ltr'><em>aliam</em></span> <span class='ocrx_word' id='word_1_223' title='bbox 1258 2724 1374 2789; x_wconf 82' lang='lat' dir='ltr'><em>barum</em></span> 
     </span>
     <span class='ocr_line' id='line_1_27' title="bbox 255 2811 1373 2896; baseline 0 -18"><span class='ocrx_word' id='word_1_224' title='bbox 255 2814 433 2879; x_wconf 81' lang='lat' dir='ltr'><em>litterarum</em></span> <span class='ocrx_word' id='word_1_225' title='bbox 458 2834 522 2895; x_wconf 78' lang='grc' dir='ltr'><em>ρνο</em></span> <span class='ocrx_word' id='word_1_226' title='bbox 547 2811 616 2877; x_wconf 82' lang='lat' dir='ltr'><em>otia</em></span> <span class='ocrx_word' id='word_1_227' title='bbox 632 2811 750 2894; x_wconf 78' lang='lat' dir='ltr'><em>nocuit,</em></span> <span class='ocrx_word' id='word_1_228' title='bbox 774 2813 857 2876; x_wconf 82' lang='lat' dir='ltr'><em>ceint</em></span> <span class='ocrx_word' id='word_1_229' title='bbox 877 2833 1014 2878; x_wconf 85' lang='lat' dir='ltr'><em>roccam</em></span> <span class='ocrx_word' id='word_1_230' title='bbox 1036 2812 1073 2877; x_wconf 94' lang='lat' dir='ltr'><em>in</em></span> <span class='ocrx_word' id='word_1_231' title='bbox 1095 2827 1202 2887; x_wconf 75' lang='lat' dir='ltr'><em>rosea,</em></span> <span class='ocrx_word' id='word_1_232' title='bbox 1228 2815 1373 2896; x_wconf 85' lang='lat' dir='ltr'><em>cingunt</em></span> 
     </span>
     <span class='ocr_line' id='line_1_28' title="bbox 253 2900 1375 2987; baseline -0.001 -20"><span class='ocrx_word' id='word_1_233' title='bbox 253 2903 465 2987; x_wconf 84' lang='lat' dir='ltr'><em>intingunt,</em></span> <span class='ocrx_word' id='word_1_234' title='bbox 498 2905 631 2967; x_wconf 88' lang='lat' dir='ltr'><em>curtem</em></span> <span class='ocrx_word' id='word_1_235' title='bbox 660 2900 697 2965; x_wconf 93' lang='lat' dir='ltr'><em>in</em></span> <span class='ocrx_word' id='word_1_236' title='bbox 719 2905 861 2976; x_wconf 86' lang='lat' dir='ltr'><em>turrem,</em></span> <span class='ocrx_word' id='word_1_237' title='bbox 893 2901 1025 2966; x_wconf 88' lang='lat' dir='ltr'><em>tamin</em></span> <span class='ocrx_word' id='word_1_238' title='bbox 1049 2925 1089 2967; x_wconf 85' lang='lat' dir='ltr'><em>ea</em></span> <span class='ocrx_word' id='word_1_239' title='bbox 1112 2901 1261 2983; x_wconf 75' lang='lat' dir='ltr'><em>corrupit,</em></span> <span class='ocrx_word' id='word_1_240' title='bbox 1291 2904 1375 2983; x_wconf 81' lang='lat' dir='ltr'><em>quod</em></span> 
     </span>
     <span class='ocr_line' id='line_1_29' title="bbox 254 2989 1373 3071; baseline -0.002 -15"><span class='ocrx_word' id='word_1_241' title='bbox 254 2991 390 3056; x_wconf 84' lang='lat' dir='ltr'><em>manime</em></span> <span class='ocrx_word' id='word_1_242' title='bbox 412 2990 449 3055; x_wconf 92' lang='lat' dir='ltr'><em>in</em></span> <span class='ocrx_word' id='word_1_243' title='bbox 464 2989 647 3055; x_wconf 86' lang='lat' dir='ltr'><em>nominibus</em></span> <span class='ocrx_word' id='word_1_244' title='bbox 663 2989 811 3071; x_wconf 73' lang='lat' dir='ltr'><em>propriis</em></span> <span class='ocrx_word' id='word_1_245' title='bbox 826 2991 963 3054; x_wconf 82' lang='lat' dir='ltr'><em>iocorum</em></span> <span class='ocrx_word' id='word_1_246' title='bbox 978 2989 1062 3071; x_wconf 77' lang='lat' dir='ltr'><em>fecit,</em></span> <span class='ocrx_word' id='word_1_247' title='bbox 1087 3013 1105 3056; x_wconf 88' lang='lat' dir='ltr'><em>e</em></span> <span class='ocrx_word' id='word_1_248' title='bbox 1123 3011 1186 3071; x_wconf 77' lang='lat' dir='ltr'><em>pro</em></span> <span class='ocrx_word' id='word_1_249' title='bbox 1209 3013 1229 3056; x_wconf 92' lang='lat' dir='ltr'><em>o</em></span> <span class='ocrx_word' id='word_1_250' title='bbox 1247 2990 1373 3071; x_wconf 77' lang='lat' dir='ltr'><em>niurias</em></span> 
     </span>
     <span class='ocr_line' id='line_1_30' title="bbox 253 3079 1374 3162; baseline -0.002 -17"><span class='ocrx_word' id='word_1_251' title='bbox 253 3080 388 3162; x_wconf 66' lang='lat' dir='ltr'><em>scribsit,</em></span> <span class='ocrx_word' id='word_1_252' title='bbox 424 3080 557 3144; x_wconf 79' lang='lat' dir='ltr'><em>sillabas</em></span> <span class='ocrx_word' id='word_1_253' title='bbox 591 3102 648 3158; x_wconf 88' lang='lat' dir='ltr'><em>nn,</em></span> <span class='ocrx_word' id='word_1_254' title='bbox 686 3101 743 3154; x_wconf 90' lang='lat' dir='ltr'><em>nu,</em></span> <span class='ocrx_word' id='word_1_255' title='bbox 778 3080 842 3157; x_wconf 90' lang='lat' dir='ltr'><em>rin,</em></span> <span class='ocrx_word' id='word_1_256' title='bbox 877 3101 928 3155; x_wconf 86' lang='lat' dir='ltr'><em>rn,</em></span> <span class='ocrx_word' id='word_1_257' title='bbox 964 3081 1011 3156; x_wconf 88' lang='lat' dir='ltr'><em>ui,</em></span> <span class='ocrx_word' id='word_1_258' title='bbox 1046 3081 1084 3143; x_wconf 92' lang='lat' dir='ltr'><em>in</em></span> <span class='ocrx_word' id='word_1_259' title='bbox 1115 3079 1312 3161; x_wconf 77' lang='lat' dir='ltr'><em>permutauit</em></span> <span class='ocrx_word' id='word_1_260' title='bbox 1344 3087 1374 3144; x_wconf 91' lang='lat' dir='ltr'><em>et</em></span> 
     </span>
     <span class='ocr_line' id='line_1_31' title="bbox 254 3166 1370 3250; baseline -0.002 -16"><span class='ocrx_word' id='word_1_261' title='bbox 254 3169 402 3250; x_wconf 68' lang='lat' dir='ltr'><em>corrupit,</em></span> <span class='ocrx_word' id='word_1_262' title='bbox 433 3175 469 3232; x_wconf 92' lang='lat' dir='ltr'><em>ut</em></span> <span class='ocrx_word' id='word_1_263' title='bbox 497 3191 606 3231; x_wconf 89' lang='lat' dir='ltr'><em>unum</em></span> <span class='ocrx_word' id='word_1_264' title='bbox 636 3166 794 3248; x_wconf 85' lang='lat' dir='ltr'><em>scriberet,</em></span> <span class='ocrx_word' id='word_1_265' title='bbox 828 3167 883 3231; x_wconf 85' lang='lat' dir='ltr'><em>ubi</em></span> <span class='ocrx_word' id='word_1_266' title='bbox 912 3169 1024 3232; x_wconf 85' lang='lat' dir='ltr'><em>rivum</em></span> <span class='ocrx_word' id='word_1_267' title='bbox 1059 3168 1259 3233; x_wconf 84' lang='lat' dir='ltr'><em>scribendum</em></span> <span class='ocrx_word' id='word_1_268' title='bbox 1293 3175 1370 3249; x_wconf 87' lang='lat' dir='ltr'><em>erat,</em></span> 
     </span>
     <span class='ocr_line' id='line_1_32' title="bbox 253 3257 1373 3342; baseline 0 -20"><span class='ocrx_word' id='word_1_269' title='bbox 253 3259 518 3342; x_wconf 83' lang='lat' dir='ltr'><em>rumariengum,</em></span> <span class='ocrx_word' id='word_1_270' title='bbox 542 3257 597 3321; x_wconf 90' lang='lat' dir='ltr'><em>ubi</em></span> <span class='ocrx_word' id='word_1_271' title='bbox 619 3259 885 3340; x_wconf 85' lang='lat' dir='ltr'><em>Rumanengum</em></span> <span class='ocrx_word' id='word_1_272' title='bbox 907 3257 1074 3339; x_wconf 68' lang='lat' dir='ltr'><em>tenebatur,</em></span> <span class='ocrx_word' id='word_1_273' title='bbox 1099 3259 1312 3322; x_wconf 89' lang='lat' dir='ltr'><em>Muruellnm</em></span> <span class='ocrx_word' id='word_1_274' title='bbox 1334 3257 1373 3322; x_wconf 93' lang='lat' dir='ltr'><em>in</em></span> 
     </span>
     <span class='ocr_line' id='line_1_33' title="bbox 253 3345 1370 3427; baseline -0.002 -15"><span class='ocrx_word' id='word_1_275' title='bbox 253 3347 455 3412; x_wconf 85' lang='lat' dir='ltr'><em>mamellum</em></span> <span class='ocrx_word' id='word_1_276' title='bbox 467 3352 497 3410; x_wconf 87' lang='lat' dir='ltr'><em>et</em></span> <span class='ocrx_word' id='word_1_277' title='bbox 510 3346 723 3422; x_wconf 88' lang='lat' dir='ltr'><em>mnniellnm,</em></span> <span class='ocrx_word' id='word_1_278' title='bbox 738 3346 910 3410; x_wconf 83' lang='lat' dir='ltr'><em>Cauurxio</em></span> <span class='ocrx_word' id='word_1_279' title='bbox 926 3345 963 3410; x_wconf 92' lang='lat' dir='ltr'><em>in</em></span> <span class='ocrx_word' id='word_1_280' title='bbox 975 3348 1138 3411; x_wconf 84' lang='lat' dir='ltr'><em>canurxio</em></span> <span class='ocrx_word' id='word_1_281' title='bbox 1150 3353 1370 3427; x_wconf 77' lang='lat' dir='ltr'><em>corrumperet,</em></span> 
     </span>
     <span class='ocr_line' id='line_1_34' title="bbox 252 3433 1370 3517; baseline -0.002 -17"><span class='ocrx_word' id='word_1_282' title='bbox 252 3443 287 3500; x_wconf 94' lang='lat' dir='ltr'><em>ut</em></span> <span class='ocrx_word' id='word_1_283' title='bbox 308 3434 427 3500; x_wconf 82' lang='lat' dir='ltr'><em>teriora</em></span> <span class='ocrx_word' id='word_1_284' title='bbox 450 3434 518 3500; x_wconf 93' lang='lat' dir='ltr'><em>eius</em></span> <span class='ocrx_word' id='word_1_285' title='bbox 540 3436 656 3499; x_wconf 89' lang='lat' dir='ltr'><em>mendo</em></span> <span class='ocrx_word' id='word_1_286' title='bbox 679 3434 825 3514; x_wconf 83' lang='lat' dir='ltr'><em>afferam.</em></span> <span class='ocrx_word' id='word_1_287' title='bbox 864 3433 944 3499; x_wconf 83' lang='lat' dir='ltr'><em>Atia</em></span> <span class='ocrx_word' id='word_1_288' title='bbox 964 3435 1153 3517; x_wconf 62' lang='lat' dir='ltr'><em>grauissime</em></span> <span class='ocrx_word' id='word_1_289' title='bbox 1176 3435 1370 3516; x_wconf 75' lang='lat' dir='ltr'><em>depravavit,</em></span> 
     </span>
     <span class='ocr_line' id='line_1_35' title="bbox 252 3522 1371 3605; baseline -0.002 -15"><span class='ocrx_word' id='word_1_290' title='bbox 252 3532 286 3590; x_wconf 94' lang='lat' dir='ltr'><em>ut</em></span> <span class='ocrx_word' id='word_1_291' title='bbox 307 3524 478 3589; x_wconf 83' lang='lat' dir='ltr'><em>nonnullos</em></span> <span class='ocrx_word' id='word_1_292' title='bbox 495 3524 577 3589; x_wconf 83' lang='lat' dir='ltr'><em>iocos</em></span> <span class='ocrx_word' id='word_1_293' title='bbox 595 3523 759 3589; x_wconf 88' lang='lat' dir='ltr'><em>restituere</em></span> <span class='ocrx_word' id='word_1_294' title='bbox 778 3522 982 3604; x_wconf 80' lang='lat' dir='ltr'><em>nequiverim.</em></span> <span class='ocrx_word' id='word_1_295' title='bbox 1021 3524 1132 3588; x_wconf 82' lang='lat' dir='ltr'><em>Multa</em></span> <span class='ocrx_word' id='word_1_296' title='bbox 1154 3526 1258 3604; x_wconf 86' lang='lat' dir='ltr'><em>uerba,</em></span> <span class='ocrx_word' id='word_1_297' title='bbox 1276 3545 1371 3605; x_wconf 74' lang='lat' dir='ltr'><em>prae-</em></span> 
     </span>
     <span class='ocr_line' id='line_1_36' title="bbox 251 3611 1372 3693; baseline -0.001 -15"><span class='ocrx_word' id='word_1_298' title='bbox 251 3613 360 3678; x_wconf 92' lang='lat' dir='ltr'><em>sertim</em></span> <span class='ocrx_word' id='word_1_299' title='bbox 383 3613 470 3678; x_wconf 84' lang='lat' dir='ltr'><em>oculo</em></span> <span class='ocrx_word' id='word_1_300' title='bbox 493 3612 562 3678; x_wconf 91' lang='lat' dir='ltr'><em>eius</em></span> <span class='ocrx_word' id='word_1_301' title='bbox 583 3634 605 3676; x_wconf 95' lang='lat' dir='ltr'><em>a</em></span> <span class='ocrx_word' id='word_1_302' title='bbox 627 3614 719 3677; x_wconf 87' lang='lat' dir='ltr'><em>uerbo</em></span> <span class='ocrx_word' id='word_1_303' title='bbox 741 3615 877 3693; x_wconf 78' lang='lat' dir='ltr'><em>quodam</em></span> <span class='ocrx_word' id='word_1_304' title='bbox 892 3614 937 3676; x_wconf 92' lang='lat' dir='ltr'><em>ad</em></span> <span class='ocrx_word' id='word_1_305' title='bbox 949 3611 1033 3676; x_wconf 73' lang='grc' dir='ltr'><em>εἐἰερι</em></span> <span class='ocrx_word' id='word_1_306' title='bbox 1048 3612 1189 3692; x_wconf 76' lang='lat' dir='ltr'><em>inferius</em></span> <span class='ocrx_word' id='word_1_307' title='bbox 1203 3633 1372 3677; x_wconf 81' lang='lat' dir='ltr'><em>recurrens</em></span> 
     </span>
     <span class='ocr_line' id='line_1_37' title="bbox 251 3700 1371 3784; baseline -0.002 -18"><span class='ocrx_word' id='word_1_308' title='bbox 251 3704 429 3782; x_wconf 86' lang='lat' dir='ltr'><em>aberrante,</em></span> <span class='ocrx_word' id='word_1_309' title='bbox 447 3701 561 3784; x_wconf 89' lang='lat' dir='ltr'><em>omisit,</em></span> <span class='ocrx_word' id='word_1_310' title='bbox 579 3701 648 3766; x_wconf 82' lang='lat' dir='ltr'><em>alia</em></span> <span class='ocrx_word' id='word_1_311' title='bbox 667 3700 872 3783; x_wconf 79' lang='lat' dir='ltr'><em>transposuit.</em></span> <span class='ocrx_word' id='word_1_312' title='bbox 916 3700 1036 3782; x_wconf 75' lang='lat' dir='ltr'><em>Quibus</em></span> <span class='ocrx_word' id='word_1_313' title='bbox 1054 3700 1199 3766; x_wconf 86' lang='lat' dir='ltr'><em>omuibus</em></span> <span class='ocrx_word' id='word_1_314' title='bbox 1214 3701 1371 3781; x_wconf 75' lang='lat' dir='ltr'><em>corruptis</em></span> 
     </span>
     <span class='ocr_line' id='line_1_38' title="bbox 251 3789 1370 3871; baseline -0.002 -16"><span class='ocrx_word' id='word_1_315' title='bbox 251 3797 280 3856; x_wconf 94' lang='lat' dir='ltr'><em>et</em></span> <span class='ocrx_word' id='word_1_316' title='bbox 303 3789 428 3855; x_wconf 91' lang='lat' dir='ltr'><em>omissis</em></span> <span class='ocrx_word' id='word_1_317' title='bbox 457 3797 493 3855; x_wconf 93' lang='lat' dir='ltr'><em>ut</em></span> <span class='ocrx_word' id='word_1_318' title='bbox 520 3791 671 3855; x_wconf 88' lang='lat' dir='ltr'><em>meddam</em></span> <span class='ocrx_word' id='word_1_319' title='bbox 701 3789 858 3870; x_wconf 83' lang='lat' dir='ltr'><em>afferrem,</em></span> <span class='ocrx_word' id='word_1_320' title='bbox 885 3810 996 3870; x_wconf 73' lang='lat' dir='ltr'><em>nauca</em></span> <span class='ocrx_word' id='word_1_321' title='bbox 1025 3796 1054 3854; x_wconf 90' lang='lat' dir='ltr'><em>et</em></span> <span class='ocrx_word' id='word_1_322' title='bbox 1082 3789 1197 3871; x_wconf 68' lang='lat' dir='ltr'><em>caiana</em></span> <span class='ocrx_word' id='word_1_323' title='bbox 1226 3789 1370 3854; x_wconf 86' lang='lat' dir='ltr'><em>subsidia</em></span> 
     </span>
     <span class='ocr_line' id='line_1_39' title="bbox 250 3878 1370 3961; baseline -0.003 -17"><span class='ocrx_word' id='word_1_324' title='bbox 250 3879 358 3961; x_wconf 84' lang='lat' dir='ltr'><em>babai,</em></span> <span class='ocrx_word' id='word_1_325' title='bbox 398 3901 454 3945; x_wconf 91' lang='lat' dir='ltr'><em>nec</em></span> <span class='ocrx_word' id='word_1_326' title='bbox 488 3886 592 3944; x_wconf 88' lang='lat' dir='ltr'><em>tamen</em></span> <span class='ocrx_word' id='word_1_327' title='bbox 626 3881 812 3961; x_wconf 75' lang='lat' dir='ltr'><em>spernenda,</em></span> <span class='ocrx_word' id='word_1_328' title='bbox 852 3899 921 3943; x_wconf 91' lang='lat' dir='ltr'><em>cum</em></span> <span class='ocrx_word' id='word_1_329' title='bbox 955 3899 1062 3942; x_wconf 91' lang='lat' dir='ltr'><em>eorum</em></span> <span class='ocrx_word' id='word_1_330' title='bbox 1096 3899 1150 3959; x_wconf 89' lang='grc' dir='ltr'><em>ορε</em></span> <span class='ocrx_word' id='word_1_331' title='bbox 1177 3878 1370 3960; x_wconf 74' lang='lat' dir='ltr'><em>praesertim</em></span> 
     </span>
     <span class='ocr_line' id='line_1_40' title="bbox 251 3966 1371 4050; baseline -0.001 -18"><span class='ocrx_word' id='word_1_332' title='bbox 251 3970 390 4034; x_wconf 83' lang='lat' dir='ltr'><em>locorum</em></span> <span class='ocrx_word' id='word_1_333' title='bbox 412 3968 545 4033; x_wconf 92' lang='lat' dir='ltr'><em>nomina</em></span> <span class='ocrx_word' id='word_1_334' title='bbox 561 3967 699 4050; x_wconf 74' lang='lat' dir='ltr'><em>moncia</em></span> <span class='ocrx_word' id='word_1_335' title='bbox 722 3969 878 4048; x_wconf 80' lang='lat' dir='ltr'><em>quaedam</em></span> <span class='ocrx_word' id='word_1_336' title='bbox 901 3974 1049 4049; x_wconf 79' lang='lat' dir='ltr'><em>corrupta</em></span> <span class='ocrx_word' id='word_1_337' title='bbox 1064 3972 1092 4031; x_wconf 90' lang='lat' dir='ltr'><em>et</em></span> <span class='ocrx_word' id='word_1_338' title='bbox 1106 3989 1205 4032; x_wconf 94' lang='lat' dir='ltr'><em>unum</em></span> <span class='ocrx_word' id='word_1_339' title='bbox 1221 3966 1371 4031; x_wconf 82' lang='lat' dir='ltr'><em>omissrcm</em></span> 
     </span>
     <span class='ocr_line' id='line_1_41' title="bbox 251 4054 1314 4139; baseline -0.003 -17"><span class='ocrx_word' id='word_1_340' title='bbox 251 4058 414 4123; x_wconf 88' lang='lat' dir='ltr'><em>restituere</em></span> <span class='ocrx_word' id='word_1_341' title='bbox 430 4057 600 4139; x_wconf 74' lang='lat' dir='ltr'><em>potuerim.</em></span> <span class='ocrx_word' id='word_1_342' title='bbox 646 4055 830 4138; x_wconf 77' lang='lat' dir='ltr'><em>Enscrr&#39;psit</em></span> <span class='ocrx_word' id='word_1_343' title='bbox 851 4055 934 4120; x_wconf 91' lang='lat' dir='ltr'><em>enim</em></span> <span class='ocrx_word' id='word_1_344' title='bbox 957 4056 1104 4120; x_wconf 82' lang='lat' dir='ltr'><em>Annales</em></span> <span class='ocrx_word' id='word_1_345' title='bbox 1131 4054 1314 4137; x_wconf 73' lang='lat' dir='ltr'><em>Codaandii</em></span> 
     </span>
    </p>
   </div>
   <div class='ocr_carea' id='block_1_3' title="bbox 250 4246 1369 4460">
    <p class='ocr_par' dir='ltr' id='par_1_4' title="bbox 250 4246 1369 4460">
     <span class='ocr_line' id='line_1_42' title="bbox 253 4246 1369 4316; baseline -0.003 -16"><span class='ocrx_word' id='word_1_346' title='bbox 253 4252 279 4316; x_wconf 86' lang='lat'><em>1)</em></span> <span class='ocrx_word' id='word_1_347' title='bbox 305 4250 340 4302; x_wconf 90' lang='lat' dir='ltr'><em>Ut</em></span> <span class='ocrx_word' id='word_1_348' title='bbox 357 4252 437 4302; x_wconf 84' lang='lat' dir='ltr'><em>ctiam</em></span> <span class='ocrx_word' id='word_1_349' title='bbox 464 4252 494 4301; x_wconf 87' lang='lat' dir='ltr'><em>in</em></span> <span class='ocrx_word' id='word_1_350' title='bbox 521 4249 604 4301; x_wconf 86' lang='lat' dir='ltr'><em>codice</em></span> <span class='ocrx_word' id='word_1_351' title='bbox 620 4249 750 4300; x_wconf 85' lang='lat' dir='ltr'><em>Parisino</em></span> <span class='ocrx_word' id='word_1_352' title='bbox 777 4246 838 4299; x_wconf 74' lang='lat' dir='ltr'><em>font</em></span> <span class='ocrx_word' id='word_1_353' title='bbox 862 4254 886 4300; x_wconf 88' lang='lat' dir='ltr'><em>ct</em></span> <span class='ocrx_word' id='word_1_354' title='bbox 910 4247 979 4314; x_wconf 72' lang='lat' dir='ltr'><em>poni</em></span> <span class='ocrx_word' id='word_1_355' title='bbox 1001 4263 1054 4315; x_wconf 82' lang='lat' dir='ltr'><em>pro</em></span> <span class='ocrx_word' id='word_1_356' title='bbox 1078 4249 1229 4300; x_wconf 82' lang='lat' dir='ltr'><em>nominibus</em></span> <span class='ocrx_word' id='word_1_357' title='bbox 1254 4248 1369 4300; x_wconf 87' lang='lat' dir='ltr'><em>locorum</em></span> 
     </span>
     <span class='ocr_line' id='line_1_43' title="bbox 250 4319 1368 4388; baseline 0.001 -15"><span class='ocrx_word' id='word_1_358' title='bbox 250 4323 380 4388; x_wconf 75' lang='lat' dir='ltr'><em>scriptum</em></span> <span class='ocrx_word' id='word_1_359' title='bbox 398 4327 435 4374; x_wconf 82' lang='lat' dir='ltr'><em>est</em></span> <span class='ocrx_word' id='word_1_360' title='bbox 453 4327 490 4387; x_wconf 83' lang='grc' dir='ltr'><em>(ρ.</em></span> <span class='ocrx_word' id='word_1_361' title='bbox 504 4323 559 4385; x_wconf 85' lang='grc'><em>65),</em></span> <span class='ocrx_word' id='word_1_362' title='bbox 584 4336 651 4386; x_wconf 78' lang='lat' dir='ltr'><em>quac</em></span> <span class='ocrx_word' id='word_1_363' title='bbox 675 4320 829 4385; x_wconf 79' lang='lat' dir='ltr'><em>compendia</em></span> <span class='ocrx_word' id='word_1_364' title='bbox 847 4320 959 4371; x_wconf 85' lang='lat' dir='ltr'><em>editores</em></span> <span class='ocrx_word' id='word_1_365' title='bbox 976 4319 1044 4370; x_wconf 70' lang='lat' dir='ltr'><em>anate</em></span> <span class='ocrx_word' id='word_1_366' title='bbox 1062 4319 1207 4386; x_wconf 82' lang='lat' dir='ltr'><em>solverunt,</em></span> <span class='ocrx_word' id='word_1_367' title='bbox 1231 4325 1254 4370; x_wconf 88' lang='lat' dir='ltr'><em>et</em></span> <span class='ocrx_word' id='word_1_368' title='bbox 1278 4336 1304 4386; x_wconf 91' lang='grc' dir='ltr'><em>ρ,</em></span> <span class='ocrx_word' id='word_1_369' title='bbox 1323 4321 1368 4374; x_wconf 86' lang='grc'><em>84.</em></span> 
     </span>
     <span class='ocr_line' id='line_1_44' title="bbox 251 4387 1101 4460; baseline 0 -16"><span class='ocrx_word' id='word_1_370' title='bbox 251 4391 359 4460; x_wconf 87' lang='lat' dir='ltr'><em>brund’,</em></span> <span class='ocrx_word' id='word_1_371' title='bbox 377 4393 425 4444; x_wconf 84' lang='lat' dir='ltr'><em>ubi</em></span> <span class='ocrx_word' id='word_1_372' title='bbox 441 4390 630 4444; x_wconf 89' lang='lat' dir='ltr'><em>Brundusium</em></span> <span class='ocrx_word' id='word_1_373' title='bbox 648 4391 688 4441; x_wconf 88' lang='lat' dir='ltr'><em>od</em></span> <span class='ocrx_word' id='word_1_374' title='bbox 704 4387 882 4442; x_wconf 91' lang='lat' dir='ltr'><em>Brundisium</em></span> <span class='ocrx_word' id='word_1_375' title='bbox 901 4390 1038 4456; x_wconf 68' lang='lat' dir='ltr'><em>nandum</em></span> <span class='ocrx_word' id='word_1_376' title='bbox 1057 4397 1101 4444; x_wconf 86' lang='lat' dir='ltr'><em>cst.</em></span> 
     </span>
    </p>
   </div>
   <div class='ocr_carea' id='block_1_4' title="bbox 0 0 1486 4936">
    <p class='ocr_par' dir='ltr' id='par_1_5' title="bbox 0 0 1486 4936">
     <span class='ocr_line' id='line_1_45' title="bbox 0 0 1486 4936; baseline 0 3"><span class='ocrx_word' id='word_1_377' title='bbox 0 0 1486 4936; x_wconf 95' lang='lat' dir='ltr'><em> </em></span> 
     </span>
    </p>
   </div>
  </div>
 </body>
</html>
