2962 4936
307 444 499 503 IOHANNIS
518 445 765 501 GODAGNELLI
783 445 963 501 ANNALES
980 447 1016 503 A.
1031 450 1109 504 1231.
1212 452 1263 505 109

147 628 235 706 simi,
259 630 406 694 scientes
426 630 636 694 victualibus
652 650 777 707 carere,
802 650 1001 694 succursum
1016 651 1081 695 neo
1097 631 1263 695 auxilium
1284 641 1363 695 1231.

146 719 275 783 habere
313 739 422 802 posse,
461 719 625 784 timentes
663 718 747 784 belli
783 719 961 783 fortunam
1000 741 1078 783 oum
1115 720 1264 784 inimicis

147 810 328 891 temptare,
365 810 620 891 cognoscentes,
651 809 680 871 si
710 807 802 872 bello
833 809 986 892 superati
1014 810 1141 886 forent,
1172 810 1264 892 quod

147 897 255 960 vitam
279 917 397 961 eorum
427 897 543 979 gladio
571 897 721 961 finirent.
770 896 846 976 Quo
875 898 980 973 facto,
1012 898 1264 961 communicato

111 1005 125 1045 ο
148 985 313 1050 conscilio
338 985 504 1049 *castrum
528 985 679 1049 Clavasii
709 986 746 1048 in
768 986 898 1050 virtute
922 989 958 1050 et
981 989 1154 1069 potestate
1179 1008 1264 1051 com·
1285 1013 1389 1061 taron.

148 1075 262 1137 munis
296 1074 487 1139 Mediolani
520 1075 747 1138 reddiderunt
781 1075 937 1158 predicta
972 1075 1028 1139 die
1063 1076 1160 1140 Lune
1189 1076 1264 1139 XV.
1286 1100 1386 1151 saris.

148 1163 274 1228 mensis
298 1163 509 1246 Septembris
532 1164 624 1227 inter
646 1184 772 1227 nonam
797 1167 832 1228 et
855 1183 1013 1247 vesperas
1024 1164 1044 1224 1.

255 1251 485 1329 MCCXXXI,
515 1252 705 1317 indictione
736 1252 847 1331 11112,
883 1253 926 1316 de
957 1273 1073 1318 mense
1104 1253 1266 1318 Octubris
1285 1280 1328 1322 oa.

149 1341 324 1406 societatis
348 1342 544 1405 Lonbardie
574 1345 724 1406 rectores
754 1342 791 1404 in
815 1341 970 1406 Bononie
995 1342 1135 1406 civitate
1159 1346 1266 1406 statu-

104 1452 130 1490 ιο
149 1434 251 1496 erunt
267 1430 487 1513 colloquium.
528 1430 618 1493 Dum
637 1432 752 1493 autem
769 1430 806 1493 in
822 1450 862 1494 ea
878 1431 1018 1495 civitate
1034 1431 1100 1514 ipsi
1116 1433 1266 1496 rectores

149 1519 397 1597 convenissent,
429 1540 491 1604 per
519 1518 653 1602 legatos
683 1539 810 1596 eorum,
842 1521 932 1583 viros
962 1519 1094 1583 nobiles
1126 1523 1161 1584 et
1190 1542 1266 1604 pru-

149 1609 281 1684 dentes,
305 1609 537 1692 potestatibus
561 1611 597 1672 et
619 1608 811 1672 rectoribus
830 1608 1098 1690 uniuscuiusque
1115 1609 1266 1672 civitatis

150 1697 325 1762 societatis
349 1698 502 1761 eiusdem
533 1698 570 1759 in
600 1697 773 1760 mandatis
808 1697 988 1774 dederunt,
1024 1701 1065 1760 ut
1100 1699 1143 1761 ad
1177 1698 1266 1761 illud

148 1786 357 1851 festinanter
388 1786 554 1851 deberent
584 1787 746 1850 accedere
778 1785 998 1869 colloquium.
1046 1786 1200 1869 Cumque
1229 1788 1267 1850 in

105 1876 224 1960 reipsa
255 1876 395 1939 civitate
431 1877 545 1940 essent
583 1875 778 1948 coadunati,
811 1876 853 1939 de
888 1876 1032 1938 eomodo
1069 1878 1105 1939 et
1137 1877 1267 1940 honore

149 1985 190 2029 ac
219 1963 374 2028 utilitate
405 1964 580 2029 societatis
610 1963 765 2047 predicte
796 1964 987 2028 adinvicem
1017 1966 1208 2028 tractantes
1232 1967 1268 2028 et

149 2073 253 2138 super
290 2053 439 2137 negotiis
473 2052 667 2116 Lonbardie
707 2052 893 2135 diligenter
930 2052 1109 2130 instantes,
1150 2074 1267 2117 omnes

149 2143 360 2206 unanimiter
375 2142 446 2206 leto
463 2143 577 2206 animo
599 2145 634 2205 et
654 2142 722 2204 fide
738 2161 827 2225 pura
842 2141 1058 2205 concorditer
1074 2144 1267 2206 statuentes

149 2232 259 2315 ipsam
283 2231 509 2294 confirmandi
528 2233 564 2295 et
578 2230 790 2294 reformandi
806 2230 1007 2294 societatem
1018 2229 1039 2290 ³.
1080 2229 1155 2309 Quo
1171 2232 1267 2294 facto

104 2340 131 2379 ro
150 2323 186 2384 et
214 2321 266 2383 ita
295 2320 464 2397 ordinato,
501 2319 556 2384 die
594 2319 765 2382 dominico
786 2318 867 2381 VII.
893 2318 972 2381 Kal.
996 2318 1200 2382 Novembris
1230 2320 1267 2381 in
1286 2344 1379 2387 oasa

149 2409 253 2493 plena
277 2409 437 2474 contione
460 2410 495 2472 in
520 2409 640 2472 eadem
664 2408 804 2471 civitate
829 2409 990 2471 decenter
1020 2410 1056 2471 et
1086 2408 1266 2491 magnifice

150 2497 297 2562 collecta
327 2499 470 2562 eandem
502 2497 696 2561 iuramento
726 2498 1000 2560 reformaverunt
1032 2499 1068 2560 et
1092 2497 1267 2560 confirma-

150 2589 275 2652 verunt
298 2587 533 2664 societatem²‚
557 2586 649 2650 inter
673 2606 708 2649 se
723 2585 873 2648 vicissim
888 2584 1092 2668 pollicentes
1108 2589 1143 2648 et
1160 2607 1266 2649 sacra-

150 2679 268 2740 mento
291 2676 467 2739 firmantes
490 2695 690 2738 succursum
712 2675 842 2758 pariter
866 2677 900 2738 et
919 2673 1086 2738 auxilium
1105 2675 1265 2751 militum,

105 2783 132 2822 2⁵
150 2765 307 2848 peditum
338 2767 373 2829 et
404 2764 666 2829 balestariorum
704 2763 889 2846 unicuique
927 2764 1060 2827 civitati
1091 2764 1266 2828 societatis

149 2854 258 2938 ipsius
282 2855 317 2917 et
340 2853 486 2917 maxime
503 2853 657 2916 Bononie
674 2855 710 2915 et
725 2853 868 2916 Faentie
885 2873 957 2916 esse
982 2853 1123 2916 daturos
1147 2856 1266 2916 contra

151 2963 269 3007 omnes
292 2943 448 3006 homines
472 2945 507 3005 et
530 2961 692 3026 personas
722 2962 779 3005 eos
810 2941 984 3005 offendere
1015 2944 1051 3006 et
1079 2942 1265 3004 interram

151 3052 269 3096 eorum
293 3031 463 3096 violenter
492 3031 633 3117 intrare
652 3029 818 3093 volentes.
865 3029 909 3092 In
938 3031 1112 3113 presentia
1143 3032 1266 3093 horum

151 3120 311 3184 similiter
340 3123 570 3203 proponentes
608 3118 887 3182 distributionem
924 3121 959 3182 et
993 3119 1265 3202 designationem

105 3228 133 3267 so
150 3201 239 3272 triab
268 3208 399 3271 milium
425 3209 580 3291 equitum
604 3210 639 3272 et
663 3208 780 3271 decem
797 3205 930 3268 milium
946 3207 1104 3289 peditum
1121 3214 1156 3272 et
1172 3208 1267 3273 mille

152 3298 421 3381 quingentorum
438 3297 717 3362 *balestariorum
729 3315 789 3379 per
801 3315 1077 3378 unamquamque
1090 3297 1268 3361 civitatem
1287 3319 1316 3367 a.
1326 3316 1389 3360 roan.

151 3386 338 3464 societatis,
369 3390 472 3470 prout
502 3385 688 3468 unicuique
718 3383 873 3468 conpetit
896 3384 1020 3461 facere,
1052 3385 1113 3467 qui
1135 3405 1269 3468 semper

152 3476 223 3539 sint
246 3478 282 3539 et
305 3495 377 3540 esse
402 3476 552 3539 debeant
574 3474 703 3538 intenti
732 3476 767 3538 et
791 3473 903 3557 parati
928 3473 1023 3555 equis
1048 3482 1082 3536 et
1104 3474 1208 3536 armis
1232 3477 1268 3538 et

152 3564 230 3628 aliis
253 3564 356 3628 rebus
379 3564 579 3628 necessariis
610 3562 789 3645 equitandi
820 3564 854 3626 et
878 3562 1117 3645 proficiscendi
1139 3562 1267 3645 ubique

107 3671 132 3712 so
151 3655 197 3717 ad
227 3652 443 3717 voluntatem
472 3657 655 3718 rectorum.
709 3651 842 3715 Iterum
881 3671 943 3734 pro
978 3651 1069 3715 bono
1104 3651 1197 3735 pacis
1233 3654 1268 3715 et

152 3742 343 3816 concordie,
368 3745 404 3806 et
426 3763 470 3806 ne
494 3740 611 3823 aliqua
633 3740 786 3803 sintilla0
814 3739 897 3802 mali
919 3740 1012 3803 inter
1026 3740 1267 3823 imperatorem

152 3834 188 3895 et
204 3831 404 3895 Lonbardos
427 3831 535 3914 possit
558 3829 649 3906 oriri,
674 3832 873 3893 statuerunt
896 3828 1029 3912 legatos
1053 3849 1094 3892 ex
1113 3830 1161 3892 eis
1178 3829 1269 3892 viros

151 3919 285 3984 nobiles
310 3923 345 3984 et
368 3921 556 4003 prudentes
580 3919 624 3981 ad
649 3918 773 3981 summi
795 3918 969 4002 pontificis
993 3917 1267 4000 magnitudinem

151 4074 174 4126 a)
187 4076 270 4115 emend.
284 4075 377 4125 11.-Br.,·
391 4075 506 4114 civitatem
520 4084 537 4115 o.
592 4073 615 4123 b)
629 4073 660 4111 sic
674 4084 692 4112 c.
703 4083 748 4121 pro
763 4073 837 4115 trium.
892 4075 912 4120 c)
926 4073 957 4110 air
971 4083 988 4115 o.

105 4218 180 4286 401)
205 4217 247 4281 Of.
266 4218 339 4271 Aren.
358 4217 489 4282 Beryae,
511 4217 594 4269 ‘Mira
614 4216 644 4266 di
667 4215 753 4266 storia
778 4214 849 4268 Ital!
870 4216 900 4280 V,
918 4232 945 4281 p.
959 4217 1019 4269 227.
1096 4215 1123 4280 2)
1143 4213 1212 4280 Sept.
1225 4215 1268 4268 24.

153 4304 178 4342 a.
193 4290 270 4344 1231.
290 4291 372 4356 coepit
390 4290 500 4339 indictio
519 4289 622 4354 quinia.
713 4285 740 4352 3)
765 4285 807 4348 Cf.
827 4286 972 4340 Boiondin.
992 4287 1084 4338 Paion.
1098 4285 1154 4350 ΙΙΙ,
1175 4287 1200 4350 6,
1219 4285 1268 4338 SS.

152 4359 343 4486 lXpdipop.2blq;
362 4360 449 4414 ‘Crosa
463 4359 494 4408 di
504 4357 636 4424 Boloqac'
648 4358 666 4412 i.
679 4357 696 4412 l.
715 4357 761 4410 col.
775 4358 841 4424 2573
860 4357 1099 4422 Socraticam.
1117 4357 1270 4409 Alexandr.
