2962 4936
269 453 459 509 IOHANNIS
477 453 724 510 CODAGNELLI
743 453 924 508 ANNALES
942 454 976 509 A.
992 458 1069 510 1200.
1190 458 1224 511 27

108 659 224 703 secum
247 638 484 704 Mediolanum
508 640 617 703 victos
641 640 814 703 duxerunt
844 642 879 703 et
902 640 939 701 in
962 659 1096 703 carcere
1119 639 1322 704 melu-1200.

108 730 238 791 serunt.

216 816 282 880 Die
298 817 421 880 Martis
439 817 507 879 ΙΙΙ.
526 817 603 879 Kal.
621 817 716 879 Iunii
739 817 885 898 proximi
908 817 1082 899 sequentis
1099 817 1226 881 milites
1246 843 1343 884 nareae.

110 909 146 970 et
175 906 309 989 pedites
341 907 383 969 de
413 906 525 969 tribus
555 906 663 988 portis
686 905 898 969 Mediolani1
928 926 1006 969 cum
1033 906 1168 970 carocio
1192 909 1228 970 et

73 1015 86 1052 s
110 1015 189 1058 cum
213 995 410 1058 hominibus
430 994 542 1077 Seprii
565 997 601 1058 et
616 994 818 1058 Martexane
841 994 1060 1058 intraverunt
1082 997 1167 1058 tunc
1190 995 1227 1057 in

109 1086 237 1147 terram
261 1083 430 1165 Pergami,
456 1086 491 1147 et
514 1086 599 1146 tuuc
623 1083 868 1146 destruxerunt
892 1081 1082 1165 Cologium,
1107 1084 1228 1146 Risum

10 1207 30 1243 ρ,
41 1194 89 1233 421.
111 1175 146 1236 et
169 1172 238 1235 alia
261 1193 363 1254 quam
387 1172 537 1255 plurima
560 1172 637 1235 loca
651 1172 948 1254 Pergamensium3
975 1171 1114 1236 *deinde
1130 1192 1227 1236 vene·

109 1263 192 1323 runt
215 1261 251 1323 in
275 1261 430 1344 partibus
448 1260 676 1324 Curtis-nove
700 1263 735 1324 et
752 1259 934 1338 Guisalbe3
960 1265 996 1324 et
1019 1264 1102 1324 tunc
1120 1261 1227 1324 Brixi-

111 1369 207 1413 enses
224 1370 302 1412 cum
319 1350 451 1413 carocio
471 1353 507 1414 et
526 1370 604 1413 cum
623 1349 717 1412 omni
732 1349 861 1413 virtute
881 1370 997 1413 eorum
1013 1350 1228 1413 transierunt

66 1458 92 1496 10
111 1437 237 1522 Ogium
268 1439 310 1502 de
341 1443 446 1522 ponte
478 1439 520 1502 de
543 1438 730 1501 Rudiliano
754 1440 789 1502 et
813 1439 857 1501 ad
880 1440 1051 1520 quendam
1075 1442 1226 1522 pontem,

111 1548 209 1609 quem
235 1528 391 1591 fecerant
414 1527 506 1591 inter
522 1527 662 1590 Urzium
679 1529 715 1591 et
731 1527 931 1603 Suncinum,
956 1530 991 1590 et
1010 1528 1228 1591 intraverunt

111 1637 189 1679 cum
213 1617 528 1680 Mediolanensibus
553 1615 604 1678 *in
628 1617 831 1678 commitatu
856 1615 1021 1680 Cremona
1046 1620 1081 1680 et
1105 1620 1228 1679 castra·
1247 1638 1335 1687 *uua

111 1705 258 1769 mentati
291 1706 435 1768 fuerunt
470 1706 561 1768 circa
591 1704 791 1768 Suncinum.
844 1705 911 1769 Die
946 1708 1062 1768 autem
1084 1705 1228 1769 Veneris

88 1814 203 1871 ¹nono
233 1793 359 1858 mensis
389 1794 484 1856 Iunii
517 1794 605 1857 illud
640 1797 790 1857 castrum
821 1794 1065 1858 destruxerunt
1093 1797 1129 1858 et
1153 1815 1228 1857 con·
1248 1819 1329 1860 aas.

67 1902 93 1941 1⁵
111 1882 300 1946 buserunt2
334 1885 370 1946 et
402 1883 493 1945 illud
528 1903 606 1946 cum
640 1883 751 1946 tribus
788 1883 968 1964 manganis
998 1887 1033 1947 et
1063 1884 1229 1967 predariis

112 1972 262 2054 quinque
285 1974 592 2055 mauganaverunt
623 1975 659 2035 et
688 1971 847 2036 iecerunt
876 1972 926 2036 ibi
956 1972 1030 2036 fieri
1057 1973 1229 2037 mirabilia

82 2125 85 2131 ,
111 2061 351 2137 instrumenta,
365 2082 442 2124 cum
454 2061 577 2142 quibus
589 2061 721 2124 dictum
731 2064 881 2124 castrum
893 2060 1019 2125 habere
1032 2061 1228 2144 sperabant.

112 2151 159 2212 Et
189 2150 270 2212 dum
301 2149 365 2213 hec
395 2151 487 2233 apud
511 2149 700 2212 Suucinum
731 2153 909 2233 geruntur,
935 2149 1130 2213 Placentini
1154 2172 1229 2214 con-

112 2239 280 2303 buserunt
311 2238 472 2301 Soarcam
502 2242 538 2302 et
569 2238 750 2301 castellum
774 2238 923 2302 Buscedi
954 2241 989 2302 et
1018 2239 1131 2301 multa
1161 2239 1229 2302 alia

68 2348 94 2386 ao
112 2328 189 2391 loca
211 2326 503 2390 Cremonensium.
542 2327 624 2390 Viso
655 2330 691 2390 et
721 2327 859 2408 cognito
892 2348 912 2388 a
935 2327 1170 2391 Brixiensibus
1194 2331 1229 2391 et

113 2416 439 2492 Mediolanensibus,
476 2417 567 2498 quod
602 2417 796 2499 predictum
826 2415 940 2479 locum
976 2416 1128 2498 pervim
1158 2437 1228 2479 non

113 2507 274 2587 poterant
296 2504 433 2580 habere,
466 2525 487 2566 a
509 2505 665 2587 predicto
695 2504 771 2568 loco
795 2505 850 2568 die
866 2504 1010 2568 Veneris
1033 2525 1124 2568 nono
1149 2505 1228 2568 Kal.
1248 2527 1341 2570 runca.

114 2594 197 2656 Iulii
220 2598 432 2658 secesserunt
442 2593 463 2654 ⁵³.
510 2594 556 2655 lit
586 2597 669 2657 tunc
694 2592 940 2658 Cremonenses
970 2595 1231 2658 castramentati

113 2686 213 2746 erant
235 2683 331 2745 iuxta
355 2685 505 2746 castrum
522 2683 708 2746 Zovenoldi
732 2703 810 2754 cum
833 2683 967 2747 carocio
991 2685 1120 2746 etcum
1136 2685 1230 2746 omni

68 2791 95 2830 aa
112 2772 242 2835 virtute
273 2792 390 2835 eorum
421 2775 457 2836 et
487 2791 563 2834 eum
595 2772 764 2835 militibus
792 2775 826 2836 et
850 2772 1025 2855 peditibus
1048 2772 1170 2836 Parme
1195 2775 1230 2836 et

114 2881 191 2924 cum
222 2861 316 2923 omni
343 2861 473 2924 virtute
505 2881 621 2924 eorum
655 2865 691 2924 et
721 2881 798 2924 oum
829 2861 998 2924 militibus
1028 2861 1164 2925 Mutine
1195 2864 1229 2925 et

113 2949 223 3032 Regii.

220 3037 382 3101 Predicta
410 3059 490 3101 vero
522 3038 577 3102 die
599 3038 743 3103 Veneris
772 3059 863 3102 nono
887 3038 967 3101 Kal.
991 3038 1075 3100 Iulii
1103 3039 1230 3103 milites
1249 3060 1339 3100 rudae.

114 3129 149 3190 et
172 3127 306 3210 pedites
330 3127 372 3190 de
396 3130 544 3208 quatuor
559 3127 690 3210 portis4
705 3127 823 3190 Sancti
839 3128 977 3190 Andree
993 3127 1226 3191 obsedebant³

69 3237 96 3275 ao
112 3218 254 3279 turrem.
301 3215 378 3278 Hoc
413 3216 500 3279 scito
535 3237 556 3278 a
586 3215 882 3290 Cremonensibus
919 3216 1036 3278 statim
1071 3217 1230 3280 tentoriis

114 3304 206 3387 apud
229 3303 460 3368 Zovenoldum
484 3304 615 3368 relictis
638 3325 740 3386 quam
771 3305 872 3367 citius
902 3307 1091 3387 potuerunt
1113 3325 1230 3368 versus

115 3391 317 3456 Cremonam
341 3394 520 3457 redierunt
544 3396 579 3456 et
602 3392 686 3456 illuc
714 3393 774 3456 ubi
803 3393 912 3455 nostri
941 3393 1086 3456 aderant
1114 3413 1230 3457 cueur-

113 3484 243 3557 rerunt,
269 3481 311 3545 de
335 3482 459 3563 quibus
483 3483 591 3565 portis
614 3503 685 3545 non
708 3483 852 3545 aderant
874 3482 911 3543 in
930 3481 992 3543 illa
1013 3481 1230 3564 expeditione

115 3589 173 3633 sex
197 3573 336 3634 centum
359 3570 487 3634 milites
503 3591 566 3633 nec
584 3570 668 3634 CCL
685 3570 835 3652 pedites;
860 3571 953 3653 apud
974 3590 1076 3652 quam
1099 3572 1230 3634 turrem

70 3659 201 3723 eudicti
225 3657 469 3723 Cremonenses
493 3651 548 3722 etb
577 3659 777 3723 Parmenses
808 3662 843 3722 et
866 3659 994 3723 Rezani
1023 3659 1230 3722 invenerunt

114 3851 136 3897 a)
149 3849 181 3886 cte
194 3859 211 3891 c.
265 3849 289 3897 b)
303 3851 427 3898 emendavi,⁸
444 3849 522 3892 inven.
537 3853 560 3889 et
573 3849 647 3893 Para.
662 3853 685 3889 et
698 3850 751 3892 Rea.
765 3852 852 3890 nostros
864 3861 881 3892 e.

116 4008 142 4072 1)
163 4008 236 4071 Qua
257 4015 311 4061 tres
331 4015 425 4076 portae
442 4010 598 4061 indicantur
616 4011 646 4060 in
664 4011 736 4063 Ana.
755 4009 864 4062 Medici.
882 4013 946 4064 min.
964 4027 991 4077 p.
1004 4012 1069 4078 3973
1097 4011 1132 4073 cf.
1152 4011 1230 4064 Mem.

114 4079 223 4133 Mediol.
237 4097 266 4147 p.
280 4083 341 4135 400.
402 4083 431 4145 2)
447 4081 519 4133 Noto
538 4081 598 4132 bene
615 4080 662 4132 boc
680 4080 741 4145 loco,
766 4097 847 4147 param
869 4083 922 4132 vim
940 4081 1054 4133 habeam
1073 4081 1232 4146 Codcpnello

114 4150 193 4202 verba
218 4149 357 4203 destruere
383 4158 407 4203 ct
431 4152 600 4204 comburere.
691 4152 719 4216 3)
749 4150 915 4203 Obsidionem
933 4153 1044 4203 Soneini
1067 4153 1231 4217 reliquerunt

69 4237 97 4274 40
114 4221 329 4286 Mediolanenses,
347 4237 407 4272 cum
424 4223 546 4288 reliquus
563 4224 694 4274 exercitus
711 4237 801 4274 eorum
820 4224 862 4274 die
880 4223 941 4276 Iun.
951 4226 995 4277 20.
1013 4223 1088 4289 apud
1100 4223 1196 4274 Roscte
1214 4239 1230 4273 u

114 4291 292 4358 Pepiensibus
309 4294 423 4344 deictus
441 4300 511 4347 esset.
543 4294 628 4357 Quum
640 4294 741 4346 cladem
754 4293 932 4358 Oodcpnellus
947 4294 1051 4346 silentio
1067 4296 1230 4360 praeterivit.

116 4363 158 4426 Cf.
177 4365 250 4417 Ana.
272 4363 390 4416 Cremon.
409 4370 433 4416 et
451 4363 561 4416 Siccrdi
578 4364 671 4431 Oron.;
695 4366 767 4418 Ana.
787 4365 868 4418 Bria.
883 4380 913 4431 p.
927 4367 988 4419 815.
1070 4366 1098 4430 4)
1122 4365 1231 4416 Placea-

114 4436 242 4488 tinorum.
