2962 4936
310 427 500 484 IOHANNIS
520 426 766 485 OODAGNELLI
783 430 964 487 ANNALES
982 432 1109 490 a1234.
1212 437 1264 493 115

146 632 309 694 magnam
325 615 361 676 et
377 617 546 676 crossam²
566 633 669 697 super
684 634 820 676 murum
836 634 999 679 conexam
1014 635 1112 680 secus
1127 638 1263 680 murum
1274 627 1361 683 1234.

149 704 281 765 stantes
312 719 413 784 super
443 720 500 765 eos
530 701 699 766 violenter
733 703 966 786 proiecerunt;
1002 703 1123 768 subtus
1153 705 1263 789 ipsam

147 790 283 853 trabem
306 789 341 852 X
363 792 425 853 aut
447 789 523 853 XII
545 809 587 853 ex
609 790 833 874 popularibus
848 791 1025 857 Placentie
1044 796 1080 857 et
1097 791 1263 858 Oremone

149 881 231 942 sunt
253 878 464 962 interempti.
506 877 573 942 Per
596 880 746 944 medium
770 879 927 944 foramen
950 880 1039 944 muri
1063 882 1204 965 apositis
1226 884 1263 946 in

101 988 126 1028 s
147 967 230 1031 feno
261 969 297 1031 et
326 966 430 1048 lignis
460 960 597 1050 ignemb
630 968 807 1032 miserunt.
854 967 930 1047 Quo
961 990 1104 1034 accenso
1134 971 1263 1036 virtute

148 1055 290 1119 Domini
314 1059 348 1120 et
371 1054 461 1138 ignis
484 1055 598 1120 calore
620 1056 657 1119 in
672 1056 747 1140 ipso
763 1057 903 1121 minime
918 1057 1049 1123 intrare
1064 1062 1261 1141 potuerunt,

148 1147 184 1208 et
207 1145 378 1209 intrantes
401 1143 570 1209 violenter
592 1144 807 1229 expulerunt.
847 1145 893 1208 Et
910 1147 961 1210 ita
977 1145 1263 1213 Cremonensibus

148 1237 184 1297 et
199 1231 378 1297 Placentie
402 1233 625 1317 popularibus
645 1233 794 1298 viriliter
817 1235 1020 1299 restiterunt
1043 1240 1080 1300 et
1100 1236 1263 1301 bellicose

148 1325 400 1405 pugnaverunt,
425 1322 506 1404 quia
528 1343 598 1385 non
621 1322 731 1386 solum
755 1344 816 1407 per
838 1326 953 1406 partes
976 1324 1061 1388 istas
1079 1326 1264 1409 prudentia

91 1433 130 1473 ,ιο
149 1414 184 1474 et
207 1410 316 1474 virtus
340 1430 457 1475 eorum
482 1415 535 1474 est
560 1414 642 1475 nota
665 1414 701 1475 et
723 1411 917 1486 manifesta,
941 1434 1059 1477 verum
1079 1414 1184 1478 etiam
1202 1435 1263 1497 per

147 1502 258 1562 totam
271 1499 479 1583 provintiam
489 1499 937 1565 Lonbardiefamavolavit.
969 1501 1263 1586 Expugnaverunt

148 1608 296 1670 namque
326 1592 477 1652 castrum
507 1588 596 1651 illud
627 1589 670 1651 ab
701 1589 787 1653 hora
814 1589 938 1654 tertie⁰
971 1610 1078 1672 usque
1108 1592 1153 1654 ad
1181 1592 1263 1655 solis

148 1696 317 1740 occasum.
364 1675 449 1740 Cum
475 1681 590 1742 autem
615 1677 855 1759 cognovissent
881 1679 971 1761 qnod
994 1679 1196 1763 inceperant
1219 1681 1263 1744 ad

148 1765 252 1829 finem
281 1785 497 1848 nequaquam
528 1766 714 1849 perducere
745 1786 853 1850 posse,
888 1767 1023 1850 ingenti
1053 1768 1197 1833 tristitia
1228 1772 1263 1833 et

91 1876 129 1919 ,1⁵
148 1853 266 1918 dolore
297 1855 460 1918 commoti
490 1855 620 1938 pariter
649 1858 686 1919 et
715 1854 849 1919 turbati
872 1856 916 1918 ad
940 1860 1052 1920 eastra
1073 1857 1262 1922 redierunt.

148 1943 273 2006 Fertur
302 1945 338 2007 et
360 1963 479 2007 rerum
509 1947 571 2020 est,
602 1943 694 2026 quod
725 1943 816 2008 circa
838 1944 944 2008 XVII
975 1966 1017 2009 ex
1040 1946 1263 2030 popularibus

147 2030 326 2096 Placentie
349 2036 384 2096 et
408 2030 575 2096 Cremone
605 2032 642 2095 in
672 2051 712 2096 ea
735 2033 989 2116 expugnatione
1020 2037 1102 2097 sunt
1124 2035 1262 2113 mortui,

147 2122 184 2184 et
212 2119 481 2185 innumerabiles
509 2120 682 2184 vulnerati
712 2123 747 2184 et
777 2121 821 2184 ad
851 2123 964 2185 castra
994 2123 1132 2204 penitus
1155 2123 1261 2187 ducti.

254 2209 321 2273 Die
350 2209 487 2272 sabbati
509 2208 550 2272 V.
575 2210 699 2273 mensis
723 2210 874 2293 Augusti
904 2210 1032 2274 milites
1063 2215 1099 2275 et
1128 2212 1262 2294 pedites
1281 2236 1367 2286 ruas.

98 2321 129 2361 ao
148 2295 315 2362 Oremone
334 2301 370 2362 et
385 2298 563 2362 Placentie
587 2298 677 2361 cirea
700 2296 814 2362 locum
829 2293 1039 2380 Rivalgarii‘1
1065 2298 1261 2376 existentes,

148 2386 306 2450 nolentes
337 2387 379 2450 de
409 2386 588 2451 obsidione
617 2387 787 2463 recedere,
818 2387 934 2450 conati
964 2391 1045 2451 sunt
1072 2408 1205 2452 summa
1228 2389 1262 2451 vi

147 2495 346 2558 manganos,
362 2475 581 2550 trabuchum,
598 2475 782 2558 predarias,
799 2478 922 2557 pontes
939 2480 974 2540 et
988 2476 1073 2540 alias
1084 2477 1262 2540 machinas

147 2563 271 2628 tollere
294 2567 330 2628 et
354 2562 579 2648 *recuperare
619 2564 785 2628 Videntes
808 2566 874 2628 hoc
897 2564 1084 2643 intrinseci,
1116 2564 1262 2648 prelium
1281 2590 1385 2640 *erosa

148 2652 407 2736 sagittariorum
423 2656 459 2717 et
474 2653 737 2717 balestariorum
753 2654 789 2717 et
804 2653 959 2735 lapidum
974 2652 1069 2718 illico
1084 2653 1261 2736 inceptum

97 2767 129 2806 ss
147 2742 233 2817 fuit3
265 2741 382 2824 itaque
412 2741 611 2825 gravissime
639 2761 696 2806 eos
721 2762 796 2806 oum
821 2741 994 2825 lapidibus
1018 2743 1262 2827 percuciebant

149 2834 184 2894 et
206 2830 445 2908 vulnerabant,
470 2831 562 2913 quod
585 2851 626 2894 ea
641 2831 769 2913 absque
785 2850 910 2913 magno
926 2831 1078 2914 periculo
1094 2836 1130 2896 et
1145 2831 1262 2896 labore

148 2919 276 2984 habere
306 2940 376 2982 non
403 2922 602 3001 potuerunt.
648 2918 694 2982 Et
723 2922 807 2982 tunc
837 2920 930 3003 capti
959 2920 1102 2985 fuerunt
1132 2940 1190 2985 sex
1220 2922 1262 2985 de

148 3007 278 3092 populo
300 3007 494 3085 Placentie;
526 3008 701 3092 lignamen
723 3027 813 3085 vero,
845 3009 936 3090 quod
967 3029 1169 3094 recuperare
1192 3030 1262 3074 non

149 3100 346 3180 potuerunt,
371 3097 451 3180 igne
475 3100 721 3161 cremaverunt.
761 3096 939 3178 Hospitati
957 3117 1105 3180 namque
1120 3098 1263 3162 fuerunt

97 3213 129 3252 eo
149 3189 251 3250 nocte
280 3186 439 3250 veniente
469 3185 505 3247 in
536 3185 665 3262 eastris,
698 3185 752 3248 die
782 3187 899 3248 autem
929 3186 1101 3250 dominica
1130 3208 1262 3251 summo
1281 3214 1369 3261 ruas.

150 3273 304 3337 diluculo
326 3274 453 3338 reversi
477 3275 625 3337 suntad
649 3272 796 3357 propria.

255 3362 322 3426 Die
345 3363 468 3426 Martis
492 3362 560 3424 ΙΙΙ.
586 3363 711 3427 mensis
735 3360 896 3426 Octobris
920 3360 1047 3426 milites
1071 3365 1106 3426 et
1129 3364 1262 3445 pedites
1281 3390 1356 3432 oar.

148 3450 326 3515 Placentie
364 3452 401 3514 in
440 3451 580 3514 civitate
619 3457 832 3514 comorantes
871 3450 1045 3514 hostiliter
1086 3452 1261 3515 civitatem

149 3540 316 3617 exierunt,
340 3541 409 3604 iter
432 3560 549 3603 eorum
573 3540 617 3602 ad
640 3542 755 3622 partes
774 3539 929 3603 Fontane
953 3543 989 3603 et
1008 3538 1160 3604 Oblubre
1184 3540 1260 3602 diri-

96 3657 131 3698 as
149 3631 279 3712 gentes,
296 3629 460 3712 quasdam
478 3628 606 3705 domos,
623 3648 689 3710 que
704 3630 802 3692 erant
817 3631 914 3691 extra
926 3629 1082 3711 burgum,
1099 3628 1262 3692 dicuntur

150 3716 374 3782 conbussisse.
432 3716 492 3780 Illi
530 3737 610 3780 vero
649 3717 708 3798 qui
746 3720 844 3780 erant
881 3716 917 3778 in
956 3720 1068 3781 castro
1106 3717 1261 3780 Fontane

150 3805 299 3889 burgum
315 3807 452 3890 egregie
463 3806 689 3870 defendentes
702 3804 847 3889 prelium
860 3825 938 3869 cum
949 3806 1032 3889 ipsis
1045 3805 1261 3880 comiserunt,

150 3894 279 3959 multos
297 3894 565 3960 vulneraverunt
588 3898 623 3958 et
646 3915 748 3976 quam
772 3894 887 3976 plures
911 3898 1076 3978 ceperunt
1099 3897 1135 3959 et
1158 3894 1261 3959 etiam

138 3984 322 4066 ⁴quendam
368 4004 409 4047 ex
455 3982 674 4066 magnatibus
720 3981 838 4066 populi
885 3983 989 4046 morti
1033 3983 1261 4047 tradiderunt.

96 4101 131 4140 ιο
150 4071 318 4137 Videntes
347 4072 500 4155 plebagii
533 4073 624 4154 quod
658 4071 772 4135 faeere
803 4071 1051 4154 peroptabant⁶
1086 4072 1130 4135 ad
1160 4071 1263 4134 finem

151 4160 291 4225 minime
321 4161 508 4245 perducere
538 4180 645 4243 posse,
678 4180 755 4222 cum
786 4159 903 4223 dolore
934 4164 970 4223 et
991 4159 1136 4222 tristitia
1158 4179 1262 4223 reces-

151 4366 174 4417 α)
194 4367 225 4406 ric
239 4378 256 4411 c.
330 4367 353 4416 b)
373 4368 444 4416 suppl.
466 4367 559 4415 H.·Br.,·
578 4378 620 4409 om.
638 4378 656 4408 c.
724 4367 744 4413 e)
765 4367 796 4404 ele
813 4377 830 4408 r.
902 4364 925 4414 d)
943 4367 1022 4408 emend.
1039 4367 1109 4412 Pazz.,·
1126 4366 1227 4415 malgerii
1245 4378 1262 4408 c.

146 4422 173 4471 e)
192 4421 225 4469 Of,
240 4421 278 4462 Ἢ.
292 4419 381 4462 Archlu'
395 4421 460 4474 XVI,
475 4432 500 4469 ρ,
514 4421 565 4462 34οε
585 4419 615 4460 ad
629 4419 695 4460 finem
709 4417 748 4458 diu
762 4423 911 4469 peroptatum.

1016 4506 1051 4563 8*
