2962 4936
239 399 274 450 32
350 392 540 449 IOHANNIS
559 392 806 447 GODAGNELLI
825 392 1007 448 ANNALES
1027 393 1062 449 A.
1077 398 1154 450 1207.
1176 397 1252 450 laos

143 586 219 639 1207.
239 578 406 661 Arquato,
424 576 578 642 Gerardo
595 577 733 653 Stricto,
752 575 940 641 Guillelmo
956 578 1202 650 Leccacorvoa,
1220 578 1364 643 Iuliano

240 667 478 750 Bergognono,
503 666 689 730 Therisedo
720 667 763 730 de
792 666 1084 739 Boccho-Veteri,
1116 670 1151 731 01
1182 668 1364 732 Bernardo

239 756 418 819 Ardezono
442 755 640 819 camerario.

143 861 220 914 1198.
346 843 430 907 Post
445 843 579 908 obitum
595 844 726 907 domini
738 842 856 907 Enrici
871 844 971 928 regis,
989 845 1053 907 filii
1069 846 1213 908 condam
1228 845 1365 908 domini

240 933 396 996 Federici
430 933 655 1016 imperatoris,
696 932 854 996 dominus
890 931 984 1008 Otto,
1021 933 1091 996 dux
1126 933 1303 1004 saxorum,
1343 956 1401 998 aa

239 1021 445 1104 quibusdam
462 1021 674 1105 principibus
686 1021 931 1086 Theothonicis
948 1023 985 1084 in
998 1043 1114 1105 regem
1125 1022 1196 1085 fuit
1208 1022 1362 1099 electus;

239 1113 509 1194 posteaquoque
526 1110 665 1186 abillis,
690 1109 813 1194 quibus
830 1110 972 1174 licentia
995 1132 1015 1173 a
1038 1132 1170 1175 summo
1194 1112 1364 1194 pontifice

240 1202 292 1264 001
316 1219 484 1276 concessa,
517 1200 608 1263 idom
641 1200 800 1263 dominus
823 1197 908 1263 Otto
932 1204 1095 1283 precepto
1119 1205 1154 1264 et
1178 1199 1363 1265 voluntate

113 1313 221 1362 (nin).
240 1288 371 1352 domini
405 1309 493 1372 pape
527 1288 598 1351 fuit
634 1292 828 1352 coronatus.
879 1288 1062 1372 Philippus
1097 1292 1212 1352 autem
1247 1289 1364 1354 frater

240 1377 463 1461 suprascripti
488 1378 618 1451 domini
639 1377 759 1440 Anrici
782 1377 872 1460 regis
896 1398 915 1440 a
940 1377 1144 1459 quibusdam
1168 1378 1244 1441 aliis
1268 1378 1363 1460 prin·
1385 1402 1412 1439 10

102 1455 221 1558 mg}
240 1459 393 1550 cipibusb
421 1466 579 1530 similiter
613 1467 683 1528 fuit
717 1466 754 1528 in
788 1486 905 1549 regem
935 1466 1066 1531 electus
1097 1470 1132 1531 01
1163 1470 1361 1539 coronatus,

239 1559 356 1618 tamen
386 1556 459 1619 sine
489 1555 670 1618 voluntate
702 1558 737 1618 et
767 1574 934 1618 consensu
959 1556 1090 1619 domini
1111 1576 1209 1640 pape.
1256 1555 1362 1620 Unde

240 1665 366 1727 magna
395 1643 443 1706 lix
473 1647 509 1707 et
539 1644 710 1707 discordia
739 1643 831 1708 inter
855 1644 1031 1707 dominum
1055 1642 1220 1709 Ottonem
1243 1647 1279 1708 et
1304 1645 1363 1708 do·

240 1733 371 1795 minum
388 1732 587 1815 Philippum
611 1732 681 1794 init
704 1736 832 1802 exorta,
858 1732 968 1795 multa
991 1733 1100 1817 prelia
1123 1734 1226 1798 etiam
1251 1734 1360 1797 facta.

240 1820 315 1899 Quo
340 1821 510 1884 discordia
534 1821 671 1884 duravit
704 1841 724 1883 a
753 1825 909 1905 tempore
939 1823 1055 1886 obitus
1086 1822 1410 1886 (1010111111111010

137 1937 166 1978 ι,
202 1938 220 1978 a,
242 1909 362 1992 *usque
397 1910 434 1971 in
468 1931 558 1973 anno
588 1909 835 1973 incarnationis
869 1911 1013 1975 inferius
1044 1911 1180 1995 scripte.
1229 1911 1361 1974 Verum

240 1999 321 2080 quia
343 1998 502 2062 dominus
526 1998 709 2082 Philippus
738 2020 859 2061 aurum
891 2004 926 2063 et
950 2002 1132 2082 argentum
1155 1999 1298 2063 tenebat
1324 2004 1361 2064 et

240 2087 446 2171 possidebat,
482 2087 575 2169 quod
604 2088 752 2151 Anricus
788 2089 830 2151 de
860 2089 988 2171 Apulia
1023 2092 1059 2152 et
1089 2089 1236 2164 Scicilia,
1273 2109 1360 2170 quas

239 2180 469 2260 superaverat,
494 2177 531 2238 in
546 2176 765 2240 Alamaniam
781 2179 930 2251 miserat,
951 2178 1023 2240 fere
1040 2198 1158 2242 omnes
1174 2177 1358 2261 principes,

238 2268 309 2328 tam
334 2265 475 2329 clericos
500 2287 602 2348 quam
626 2266 750 2349 laycos
775 2285 890 2330 secum
913 2267 1065 2330 habebat
1080 2267 1146 2350 ipsi
1161 2267 1360 2330 omnimode
1381 2290 1409 2328 00

239 2355 448 2418 adiutorium
465 2358 674 2438 prestantes;
700 2375 805 2437 quare
828 2355 901 2437 ipse
920 2355 1111 2439 Phylippus
1136 2358 1210 2419 erat
1232 2355 1360 2418 fortior

239 2446 274 2508 ct
297 2444 472 2527 potentior
502 2444 640 2506 domino
664 2443 793 2507 Ottone
823 2444 860 2505 in
883 2444 1075 2519 Ammonia,
1104 2465 1168 2508 nec
1198 2445 1360 2507 dominus

240 2532 324 2596 Otto
346 2532 506 2596 resistere
530 2533 661 2596 0110111α
690 2533 853 2616 Philippo
877 2536 1023 2616 poterat.
1065 2533 1237 2595 Nimirum
1262 2532 1361 2615 *quia
1380 2558 1470 2608 *arna

239 2622 437 2683 intantum
468 2621 570 2683 corda
602 2621 796 2704 principum
826 2624 899 2685 tam
931 2622 1132 2686 clericorum
1163 2642 1266 2703 quam
1290 2621 1360 2705 lay-

240 2730 356 2772 corum
392 2729 475 2772 auro
511 2711 546 2772 et
581 2713 725 2791 argento
760 2712 859 2772 erant
894 2712 1070 2783 honerate,
1106 2711 1198 2793 quod
1232 2713 1408 2774 naturam

239 2800 372 2860 rectum
404 2816 607 2880 cognoscere
637 2818 707 2860 non
733 2798 881 2862 valebat.
929 2799 1043 2862 Etiam
1074 2800 1233 2863 dominus
1256 2799 1360 2863 Inno

241 2886 384 2960 centius,
410 2906 561 2948 summus
585 2886 752 2970 pontifex,
777 2888 836 2969 qui
853 2888 984 2950 dictum
1000 2888 1210 2972 Phylippum
1229 2909 1249 2950 a
1268 2888 1360 2972 prin·

242 2975 331 3058 cipio
355 2995 495 3038 exosum
518 2975 688 3039 habuerat
718 2980 754 3040 01
784 2997 943 3041 coronam
968 2978 1000 3041 ei
1024 2979 1105 3041 dare
1128 2983 1358 3052 recusaverat,

241 3064 385 3127 audiens
408 3063 508 3126 illum
531 3068 709 3147 potentem
733 3085 806 3130 0000
829 3066 902 3130 01110
926 3066 1050 3130 11111010
1073 3066 1190 3150 ipsius,
1215 3086 1299 3128 auro
1323 3070 1361 3130 et

242 3155 385 3236 argento
410 3156 583 3237 comptus,
615 3156 798 3218 concordia
829 3154 1057 3218 cardinalium
1087 3158 1227 3238 pactum
1252 3155 1360 3218 dandi
1380 3181 1407 3219 ac

144 3251 222 3306 1208.
242 3241 274 3306 01
290 3262 450 3305 coronam
468 3242 600 3308 fecerat
611 3243 631 3304 1.
668 3243 744 3307 Hoc
760 3246 797 3306 in
813 3265 904 3308 anno
919 3239 1143 3319 noevum,
1167 3243 1359 3308 indictione

171 3357 222 3396 nu.
241 3331 305 3408 XI,
322 3351 438 3396 mense
455 3332 556 3395 Iunio
572 3333 770 3416 patriarcha
785 3332 1059 3417 Aquilegiensis²
1074 3333 1210 3416 legatus
1227 3332 1360 3395 domini

241 3419 396 3505 Philippi
420 3443 440 3485 a
462 3421 618 3485 Romana
647 3423 743 3485 curia
765 3424 914 3497 veniens,
940 3421 1152 3486 Placentiam
1176 3421 1358 3496 transiens

242 3510 278 3572 in
314 3513 442 3574 terram
476 3510 791 3574 Theothonicorum
829 3511 999 3595 proficisci
1036 3511 1252 3595 properabat,
1292 3511 1360 3594 ipsi

243 3599 382 3662 domino
398 3598 560 3682 Philippo
577 3618 618 3662 ex
634 3602 732 3681 parte
749 3600 880 3663 domini
898 3621 986 3684 pape
1009 3599 1164 3683 legatum
1188 3599 1359 3676 1101010110,
1380 3627 1407 3665 as

243 3691 283 3750 ut
305 3689 590 3770 quandocumque
613 3688 720 3752 vellet
743 3709 903 3752 coronam
922 3689 965 3753 ab
982 3710 1022 3753 eo
1038 3689 1092 3753 vel
1109 3690 1151 3752 ab
1169 3690 1218 3753 eis
1234 3688 1360 3771 quibus

243 3776 334 3839 10101
365 3775 525 3858 delegata
555 3777 736 3860 acciperet.
782 3778 906 3860 Itaque
937 3799 1014 3841 cum
1045 3780 1109 3843 hec
1140 3777 1254 3841 omnia
1284 3796 1360 3859 age·

242 3866 372 3940 rentur,
404 3864 562 3928 dominus
592 3869 708 3930 noster
730 3866 828 3930 Iesus
852 3865 1020 3940 Christus,
1049 3870 1183 3931 creator
1205 3865 1360 3929 omnium

242 3973 367 4028 10111111,
391 3952 485 4016 ultor
508 3956 661 4018 omnium
686 3954 864 4029 malorum,
890 3956 945 4018 cui
968 3955 1019 4018 nil
1035 3959 1087 4020 est
1103 3958 1283 4031 secretum,
1309 3954 1359 4017 nil

244 4041 494 4118 absconditum,
520 4045 622 4108 corda
646 4044 825 4107 hominum
848 4043 968 4120 sciens,
992 4045 1051 4126 qui
1070 4047 1122 4108 est
1136 4064 1238 4108 verus
1256 4043 1361 4107 iudex
1380 4075 1409 4114 40

244 4213 266 4266 0)
280 4216 410 4256 leccacorus
424 4229 442 4256 c.
484 4216 631 4267 1))ῇο1111100.
680 4217 701 4267 c)
716 4214 775 4258 ldem
789 4227 808 4256 c.
862 4215 1362 4265 d)M00V1H1.0.;cf.infrcp.34,l.lb.

245 4375 271 4444 1)
291 4375 333 4440 Cf.
351 4377 547 4441 Winkelmann,
567 4376 697 4444 ‘Philipp’
712 4394 743 4444 p.
755 4379 817 4442 459,
837 4394 863 4431 n.
877 4380 902 4431 3.
974 4379 1001 4444 2)
1021 4377 1181 4443 Wolfperus.
