2962 4936
222 466 274 523 114
380 462 570 520 IOHANNIS
590 462 837 519 conteram
854 463 1035 519 manns
1053 464 1089 521 A.
1104 467 1183 522 1234.

126 652 201 714 tart.
221 649 313 735 quod
344 651 419 714 erat
442 648 534 733 apud
558 651 720 724 montem,
752 649 988 713 concurrendo
1017 649 1055 712 in
1078 648 1198 731 glarea
1220 648 1339 713 Trevie

219 738 365 803 fuerunt
399 738 512 822 parati
547 757 625 801 cum
665 737 836 802 militibus
871 735 1039 801 Oremone
1079 737 1228 820 prelium
1265 759 1339 802 con·

219 827 373 892 miscere.
420 826 463 889 ln
492 826 568 911 ipsa
598 829 714 890 autem
744 825 963 910 expeditione
994 825 1097 889 multi
1125 827 1169 890 de
1191 827 1339 890 inimicis

218 914 445 1001 popularibus
469 914 667 979 Placentie‘
695 917 731 979 et
754 915 922 980 Oremone
949 919 1031 979 sunt
1059 915 1272 1000 interempti,
1304 919 1338 980 et
1376 921 1378 926 '

218 1003 489 1069 innumerabiles
522 1003 696 1068 vulnerati
730 1006 765 1068 et
799 1004 844 1067 ad
878 1004 1056 1069 civitatem
1090 1004 1270 1068 Placentie
1304 1007 1371 1068 eti

218 1091 388 1158 Cremone
417 1092 557 1177 portati.
604 1092 759 1176 Burgum
788 1113 869 1157 vero
892 1092 1083 1177 Rivalgarii
1112 1095 1275 1177 potenter
1304 1096 1339 1157 et

218 1181 365 1247 viriliter
399 1181 579 1246 intrinseci
609 1181 842 1246 defenderunt
872 1184 908 1245 et
938 1185 1219 1247 manutenerunt.
1271 1182 1339 1246 Du·

218 1271 309 1336 ravit
332 1273 448 1335 autem
473 1269 602 1335 bellum
625 1290 734 1353 usque
757 1271 802 1333 ad
825 1290 984 1334 occasum
1007 1270 1099 1334 solis.
1141 1271 1196 1336 De
1218 1271 1339 1335 intrin-

219 1359 305 1425 secis
333 1359 463 1424 virtute
493 1358 636 1423 Domini
664 1357 782 1422 nullus
812 1362 935 1442 captus
968 1359 1049 1436 fuit,
1084 1361 1145 1424 sed
1178 1364 1251 1425 tres
1285 1359 1338 1424 vel

219 1453 367 1533 quatuor
388 1448 573 1522 vulnerati,
598 1449 633 1511 et
657 1448 725 1511 duo
748 1451 887 1511 tantum
910 1449 1048 1511 mortui.
1085 1448 1149 1512 His
1164 1449 1217 1513 ita
1233 1449 1338 1533 gestis
1356 1475 1378 1513 n

218 1537 323 1602 turba
345 1557 472 1621 magna
494 1536 618 1600 militie
648 1536 769 1620 populi
791 1536 969 1601 Placentie
993 1540 1030 1602 et
1053 1537 1222 1602 Oremone
1245 1537 1339 1602 ultra

218 1625 375 1692 uenam
399 1626 651 1709 equitaverunt,
674 1624 794 1688 villam
818 1645 953 1708 quoque
977 1619 1040 1690 deb
1068 1625 1162 1689 Stati
1185 1629 1222 1690 et
1245 1626 1338 1691 Sere·

218 1714 334 1780 roluni
353 1717 389 1780 et
404 1714 587 1798 Pigazani⁰
608 1714 852 1788 conbuserunt,
876 1719 1028 1778 castrum
1044 1715 1151 1779 etiam
1167 1735 1337 1798 expugna·

217 1807 353 1869 rerunt.
400 1802 468 1867 Sed
498 1802 636 1887 quidam
668 1802 797 1868 milites
826 1806 863 1866 et
892 1804 1037 1886 pedites,
1067 1804 1133 1866 viri
1165 1807 1336 1887 potentes,

218 1886 300 1976 qui‘l
326 1891 460 1976 inipso
483 1891 699 1956 intraverant
722 1895 846 1968 castro,
869 1892 1017 1956 viriliter
1032 1898 1231 1976 pugnantes
1249 1893 1337 1957 illud
1356 1916 1377 1955 u

219 1980 460 2048 defenderunt.
496 1980 635 2046 Inimici
657 1984 774 2045 autem
794 2001 870 2045 oum
888 1980 1098 2045 detrimento
1114 2002 1339 2065 persona-rum

217 2069 368 2155 turpiter
389 2074 615 2135 recesserunt.
661 2069 742 2133 Alia
768 2069 842 2134 vice
864 2070 1111 2134 Memelianum
1141 2071 1338 2153 equitantes

219 2158 338 2224 domos
354 2179 457 2243 quam
474 2157 590 2243 plures
611 2159 649 2221 in
672 2158 743 2222 illis
766 2158 923 2242 partibus
947 2159 1193 2234 conbuserunt,
1217 2160 1338 2224 fenum

218 2252 255 2314 et
270 2247 356 2313 alias
370 2267 435 2321 res,
458 2267 544 2331 quas
567 2251 767 2332 potuerunt,
791 2248 837 2310 ad
859 2248 1115 2331 expeditionem
1145 2249 1338 2313 conducere

109 2365 200 2412 nnn,
216 2336 388 2403 fecerunt
434 2336 501 2402 Die
524 2336 622 2400 Lune
651 2336 763 2419 pridie
786 2336 866 2399 Kal.
889 2337 980 2419 Aug.
1010 2337 1056 2400 ad
1078 2336 1200 2399 villam
1222 2337 1338 2422 Englii
1354 2361 1377 2398 n

217 2426 413 2511 equitantes
440 2426 560 2490 domos
589 2445 691 2508 quam
722 2423 838 2508 plures
869 2424 965 2508 ‘igne
994 2430 1247 2490 cremaverunt.
1294 2427 1337 2489 In
1354 2447 1425 2498 qa.

216 2515 408 2580 recessione
435 2534 518 2581 rero
544 2512 701 2578 tolentes
722 2513 844 2577 fenum
873 2519 910 2577 et
933 2512 1070 2577 blavam
1099 2518 1137 2578 et
1165 2514 1255 2578 alins
1284 2535 1336 2578 res

216 2604 261 2668 nd
285 2603 472 2669 exercitum
496 2603 698 2671 conducere,
721 2602 840 2665 diuina
860 2603 1046 2666 adiuvante
1061 2603 1177 2686 gratia
1192 2604 1264 2667 duo
1279 2605 1337 2666 mi-

217 2691 307 2760 lites,
338 2712 428 2756 unns
461 2692 505 2756 de
535 2691 664 2775 populo
687 2689 865 2755 Placentie
895 2695 931 2756 et
959 2691 1051 2755 alter
1079 2692 1124 2755 de
1154 2692 1334 2768 Cremona,

217 2784 253 2845 et
282 2800 341 2846 sex
373 2780 508 2864 pedites
535 2780 584 2843 ibi
608 2780 701 2864 capti
729 2779 883 2847 fuerunt
914 2784 952 2843 et
980 2781 1073 2844 circa
1100 2785 1254 2863 quatuor
1281 2780 1337 2845 vel
1353 2802 1376 2842 a

216 2869 368 2953 quinque
397 2868 535 2934 tnnrtui,
570 2872 607 2932 et
635 2889 738 2951 quarn
770 2867 887 2953 plures
913 2868 1098 2933 vulnerati
1144 2869 1214 2934 Die
1244 2870 1336 2933 Iovis

112 2979 198 3028 seu
217 2957 321 3021 tertio
351 2957 478 3021 mensis
501 2956 651 3036 Aurusti
677 2957 782 3021 turba
803 2978 929 3040 magns
952 2956 1132 3022 Placentie
1153 2959 1280 3042 populi
1301 2963 1336 3022 et

217 3044 384 3111 t‘remtme
406 3045 450 3110 de
473 3045 594 3110 rustris
616 3048 781 3110 exeuntes
803 3066 881 3109 rum
904 3046 1041 3110 vexillis
1062 3049 1101 3111 et
1120 3047 1229 3120 tubis,
1258 3069 1336 3112 cum

218 3132 410 3199 belesteriie
433 3137 469 3200 et
486 3133 686 3218 mgitmriis.
710 3154 789 3198 cum
810 3134 913 3198 scalis
934 3140 972 3198 et
994 3135 1073 3198 aliis
1096 3137 1269 3199 machinis
1292 3136 1336 3199 ad

217 3227 368 3287 cestrum
379 3221 542 3308 ligarunt
552 3223 821 3307 exprimendum
835 3229 1058 3306 perexerunt:
1073 3225 1165 3306 quod
1182 3229 1335 3288 castrum
1354 3248 1377 3284 n

216 3311 370 3395 undique
399 3332 478 3377 euru
508 3311 703 3376 buletariis
732 3314 768 3375 et
790 3312 981 3395 sagittariis
1010 3318 1047 3376 et
1075 3313 1256 3396 peditibus
1284 3335 1336 3377 ex·

216 3404 468 3484 pugnauerunt
484 3404 519 3466 et
535 3420 634 3464 mure
648 3399 757 3483 ipeins
771 3401 877 3464 castri
887 3402 1207 3484 appropinquantes
1218 3403 1336 3466 conati

215 3500 296 3553 snut
326 3489 480 3557 diruere:
510 3489 554 3554 de
583 3508 652 3572 qno
680 3487 830 3572 amplius
858 3489 929 3552 XX
957 3490 1109 3554 brachiis
1133 3491 1334 3566 diruerunt;

214 3575 325 3642 selae
347 3597 429 3642 reru
450 3597 550 3642 muru
564 3579 811 3661 appetierunt„
832 3597 937 3661 snper
949 3579 1036 3661 ipsis
1049 3599 1130 3642 eum
1144 3579 1285 3643 vexillis
1298 3581 1336 3642 in

216 3664 375 3730 rtrunibue
404 3684 507 3748 snper
540 3685 675 3728 nrurnnr
710 3665 835 3728 mtri‘
867 3667 1054 3731 &uendere
1087 3673 1335 3751 proponentes
1352 3691 1377 3730 a

217 3752 401 3818 intrinseci
430 3764 546 3818 nutent
575 3754 642 3817 tiri
669 3753 803 3819 &nune
824 3759 861 3818 et
884 3754 1040 3819 bellircsi
1061 3762 1098 3820 et
1120 3777 1250 3838 magne
1272 3758 1336 3820 vir

214 3841 303 3905 tntis
336 3854 370 3906 et
401 3840 542 3906 uttdntie
571 3862 649 3907 euru
678 3842 763 3927 ipsis
791 3843 999 3925 nequiuime
1027 3848 1064 3908 et
1097 3845 1250 3908 militer
1282 3867 1336 3910 ex·

97 3958 128 4004 7,
140 3958 198 4003 tet
216 3923 445 4013 perterrentes,
470 3929 608 3996 'texilln
632 3944 781 4014 qtrstuor
803 3946 840 3995 et
863 3931 1021 3996 mussas
1035 3946 1107 3997 tres
1121 3934 1246 4017 populi
1260 3934 1336 3998 Pla·

215 4017 330 4083 tentie
352 4028 386 4082 et
412 4016 581 4084 tterntue
609 4038 713 4103 enter
740 4019 843 4083 erulis
868 4028 1003 4084 smnus
1025 4042 1088 4104 per
1108 4023 1181 4084 rim
1204 4024 1257 4087 eis
1279 4025 1337 4088 ab

215 4104 388 4171 sterterent
413 4120 447 4171 et
473 4126 550 4170 euru
574 4106 758 4191 latudibue
780 4107 940 4172 trabibus
960 4113 998 4174 et
1011 4109 1158 4174 sudibus
1171 4112 1269 4196 ipsos
1292 4114 1336 4177 de
1353 4133 1378 4170 ιο

216 4192 318 4258 ene
351 4206 385 4259 et
422 4214 521 4259 rnnre
552 4194 703 4279 turpiter
734 4195 953 4280 expulerunt.
985 4199 1122 4263 trabem
1155 4202 1336 4282 quandam

216 4346 379 4395 «Μὴ
434 4344 731 4389 »teob-mmm
776 4349 1017 4400 cutwine.
1060 4350 1336 4404 §titul-EQ:

216 4410 292 4443 tuan
344 4400 644 4443 &maereant-utta.
696 4402 714 4445 t*
865 4404 1336 4458 ειν-’.ιψαὶἅιῦωῃω

215 4452 345 4497 emeda
361 4452 519 4497 euasere«
535 4410 1203 4508 &wttttrtwmtnffim
