<?xml version="1.0" encoding="UTF-8"?>
<!DOCTYPE html PUBLIC "-//W3C//DTD XHTML 1.0 Transitional//EN"
    "http://www.w3.org/TR/xhtml1/DTD/xhtml1-transitional.dtd">
<html xmlns="http://www.w3.org/1999/xhtml" xml:lang="en" lang="en">
 <head>
  <title>
</title>
<meta http-equiv="Content-Type" content="text/html;charset=utf-8" />
  <meta name='ocr-system' content='tesseract 3.04.00' />
  <meta name='ocr-capabilities' content='ocr_page ocr_carea ocr_par ocr_line ocrx_word'/>
</head>
<body>
  <div class='ocr_page' id='page_1' title='image "./iohanniscodagne00codagoog_0027.png"; bbox 0 0 2962 4936; ppageno 0'>
   <div class='ocr_carea' id='block_1_1' title="bbox 218 409 891 470">
    <p class='ocr_par' dir='ltr' id='par_1_1' title="bbox 218 409 891 470">
     <span class='ocr_line' id='line_1_1' title="bbox 218 409 891 470; baseline 0 -3"><span class='ocrx_word' id='word_1_1' title='bbox 218 410 322 470; x_wconf 88' lang='lat' dir='ltr'>XVIII</span> <span class='ocrx_word' id='word_1_2' title='bbox 661 409 891 467; x_wconf 76' lang='lat' dir='ltr'><strong>PRAEFATIO.</strong></span> 
     </span>
    </p>
   </div>
   <div class='ocr_carea' id='block_1_2' title="bbox 214 591 1343 2893">
    <p class='ocr_par' dir='ltr' id='par_1_2' title="bbox 214 591 1343 2893">
     <span class='ocr_line' id='line_1_2' title="bbox 219 591 1339 674; baseline -0.004 -14"><span class='ocrx_word' id='word_1_3' title='bbox 219 593 449 660; x_wconf 85' lang='lat' dir='ltr'><strong><em>euAnnolibns</em></strong></span> <span class='ocrx_word' id='word_1_4' title='bbox 459 592 658 659; x_wconf 88' lang='lat' dir='ltr'><strong><em>Placentinis</em></strong></span> <span class='ocrx_word' id='word_1_5' title='bbox 670 591 839 658; x_wconf 82' lang='lat' dir='ltr'><strong><em>Gibelliuis</em></strong></span> <span class='ocrx_word' id='word_1_6' title='bbox 850 591 1006 674; x_wconf 75' lang='lat' dir='ltr'><strong><em>exscripta</em></strong></span> <span class='ocrx_word' id='word_1_7' title='bbox 1018 591 1234 674; x_wconf 86' lang='lat' dir='ltr'><strong><em>inueniuntur,</em></strong></span> <span class='ocrx_word' id='word_1_8' title='bbox 1240 612 1339 673; x_wconf 89' lang='lat' dir='ltr'><strong><em>prac-</em></strong></span> 
     </span>
     <span class='ocr_line' id='line_1_3' title="bbox 220 679 1338 765; baseline -0.004 -16"><span class='ocrx_word' id='word_1_9' title='bbox 220 691 305 749; x_wconf 90' lang='lat' dir='ltr'><strong><em>terea</em></strong></span> <span class='ocrx_word' id='word_1_10' title='bbox 327 689 454 765; x_wconf 78' lang='lat' dir='ltr'><strong><em>uterque</em></strong></span> <span class='ocrx_word' id='word_1_11' title='bbox 476 681 630 763; x_wconf 75' lang='lat' dir='ltr'><em>reliquias</em></span> <span class='ocrx_word' id='word_1_12' title='bbox 651 683 784 763; x_wconf 75' lang='lat' dir='ltr'><strong><em>praebet</em></strong></span> <span class='ocrx_word' id='word_1_13' title='bbox 806 681 964 763; x_wconf 88' lang='lat' dir='ltr'><strong><em>pretiosas</em></strong></span> <span class='ocrx_word' id='word_1_14' title='bbox 986 679 1156 746; x_wconf 91' lang='lat' dir='ltr'><strong><em>annalium</em></strong></span> <span class='ocrx_word' id='word_1_15' title='bbox 1178 681 1338 746; x_wconf 89' lang='lat' dir='ltr'><strong><em>Placenti-</em></strong></span> 
     </span>
     <span class='ocr_line' id='line_1_4' title="bbox 219 768 1340 853; baseline -0.003 -16"><span class='ocrx_word' id='word_1_16' title='bbox 219 793 334 837; x_wconf 93' lang='lat' dir='ltr'><strong><em>norum</em></strong></span> <span class='ocrx_word' id='word_1_17' title='bbox 356 771 596 853; x_wconf 69' lang='lat' dir='ltr'><strong><em>deperditarum.</em></strong></span> <span class='ocrx_word' id='word_1_18' title='bbox 644 772 708 836; x_wconf 80' lang='lat' dir='ltr'><strong><em>Sed</em></strong></span> <span class='ocrx_word' id='word_1_19' title='bbox 729 777 875 835; x_wconf 90' lang='lat' dir='ltr'><strong><em>neutrum</em></strong></span> <span class='ocrx_word' id='word_1_20' title='bbox 904 771 1015 834; x_wconf 88' lang='lat' dir='ltr'><strong><em>borum</em></strong></span> <span class='ocrx_word' id='word_1_21' title='bbox 1038 768 1094 833; x_wconf 86' lang='lat' dir='ltr'><strong><em>bos</em></strong></span> <span class='ocrx_word' id='word_1_22' title='bbox 1117 776 1179 834; x_wconf 89' lang='lat' dir='ltr'><strong><em>tres</em></strong></span> <span class='ocrx_word' id='word_1_23' title='bbox 1201 769 1340 834; x_wconf 90' lang='lat' dir='ltr'><strong><em>annales</em></strong></span> 
     </span>
     <span class='ocr_line' id='line_1_5' title="bbox 220 858 1338 942; baseline -0.004 -16"><span class='ocrx_word' id='word_1_24' title='bbox 220 859 424 942; x_wconf 74' lang='lat' dir='ltr'><strong><em>exscripsisse</em></strong></span> <span class='ocrx_word' id='word_1_25' title='bbox 446 859 644 924; x_wconf 71' lang='lat' dir='ltr'><strong><em>crediderim.</em></strong></span> <span class='ocrx_word' id='word_1_26' title='bbox 690 859 780 926; x_wconf 87' lang='lat' dir='ltr'><strong><em>Unde</em></strong></span> <span class='ocrx_word' id='word_1_27' title='bbox 802 880 874 924; x_wconf 88' lang='lat' dir='ltr'><strong><em>uero</em></strong></span> <span class='ocrx_word' id='word_1_28' title='bbox 896 858 932 923; x_wconf 84' lang='lat' dir='ltr'><strong><em>toi</em></strong></span> <span class='ocrx_word' id='word_1_29' title='bbox 949 858 1077 923; x_wconf 89' lang='lat' dir='ltr'><strong><em>dlornm</em></strong></span> <span class='ocrx_word' id='word_1_30' title='bbox 1093 858 1265 923; x_wconf 90' lang='lat' dir='ltr'><strong><em>annalium</em></strong></span> <span class='ocrx_word' id='word_1_31' title='bbox 1287 880 1338 923; x_wconf 86' lang='lat' dir='ltr'><strong><em>eu-</em></strong></span> 
     </span>
     <span class='ocr_line' id='line_1_6' title="bbox 221 946 1339 1031; baseline -0.004 -16"><span class='ocrx_word' id='word_1_32' title='bbox 221 955 327 1031; x_wconf 90' lang='lat' dir='ltr'><strong><em>cerpta</em></strong></span> <span class='ocrx_word' id='word_1_33' title='bbox 355 947 442 1013; x_wconf 92' lang='lat' dir='ltr'><strong><em>nocti</em></strong></span> <span class='ocrx_word' id='word_1_34' title='bbox 465 947 537 1029; x_wconf 91' lang='lat' dir='ltr'><strong><em>sint,</em></strong></span> <span class='ocrx_word' id='word_1_35' title='bbox 562 954 590 1013; x_wconf 94' lang='lat' dir='ltr'><strong><em>et</em></strong></span> <span class='ocrx_word' id='word_1_36' title='bbox 612 948 762 1031; x_wconf 80' lang='lat' dir='ltr'><strong><em>quomodo</em></strong></span> <span class='ocrx_word' id='word_1_37' title='bbox 784 948 860 1013; x_wconf 87' lang='lat' dir='ltr'><strong><em>baec</em></strong></span> <span class='ocrx_word' id='word_1_38' title='bbox 883 947 1033 1013; x_wconf 78' lang='lat' dir='ltr'><strong><em>chronica</em></strong></span> <span class='ocrx_word' id='word_1_39' title='bbox 1054 946 1140 1011; x_wconf 90' lang='lat' dir='ltr'><strong><em>inter</em></strong></span> <span class='ocrx_word' id='word_1_40' title='bbox 1161 968 1193 1012; x_wconf 89' lang='lat' dir='ltr'><strong><em>se</em></strong></span> <span class='ocrx_word' id='word_1_41' title='bbox 1215 953 1339 1012; x_wconf 94' lang='lat' dir='ltr'><strong><em>etcum</em></strong></span> 
     </span>
     <span class='ocr_line' id='line_1_7' title="bbox 221 1035 1339 1115; baseline -0.001 -13"><span class='ocrx_word' id='word_1_42' title='bbox 221 1037 299 1103; x_wconf 92' lang='lat' dir='ltr'><strong><em>aliis</em></strong></span> <span class='ocrx_word' id='word_1_43' title='bbox 332 1036 489 1103; x_wconf 77' lang='lat' dir='ltr'><strong><em>chronicis</em></strong></span> <span class='ocrx_word' id='word_1_44' title='bbox 518 1036 718 1102; x_wconf 75' lang='lat' dir='ltr'><strong><em>Placentinis</em></strong></span> <span class='ocrx_word' id='word_1_45' title='bbox 753 1037 947 1115; x_wconf 72' lang='lat' dir='ltr'><strong><em>cohaereant,</em></strong></span> <span class='ocrx_word' id='word_1_46' title='bbox 983 1036 1076 1101; x_wconf 87' lang='lat' dir='ltr'><strong><em>bodie</em></strong></span> <span class='ocrx_word' id='word_1_47' title='bbox 1110 1057 1199 1100; x_wconf 93' lang='lat' dir='ltr'><strong><em>nemo</em></strong></span> <span class='ocrx_word' id='word_1_48' title='bbox 1233 1035 1339 1101; x_wconf 92' lang='lat' dir='ltr'><strong><em>dicere</em></strong></span> 
     </span>
     <span class='ocr_line' id='line_1_8' title="bbox 214 1124 1337 1209; baseline -0.003 -18"><span class='ocrx_word' id='word_1_49' title='bbox 214 1132 329 1209; x_wconf 87' lang='lat' dir='ltr'><strong><em>posset,</em></strong></span> <span class='ocrx_word' id='word_1_50' title='bbox 360 1148 429 1191; x_wconf 93' lang='lat' dir='ltr'><strong><em>cum</em></strong></span> <span class='ocrx_word' id='word_1_51' title='bbox 456 1125 522 1190; x_wconf 88' lang='lat' dir='ltr'><strong><em>oiri</em></strong></span> <span class='ocrx_word' id='word_1_52' title='bbox 551 1125 633 1191; x_wconf 90' lang='lat' dir='ltr'><strong><em>docti</em></strong></span> <span class='ocrx_word' id='word_1_53' title='bbox 655 1124 839 1190; x_wconf 84' lang='lat' dir='ltr'><strong><em>Placentini</em></strong></span> <span class='ocrx_word' id='word_1_54' title='bbox 868 1124 1018 1190; x_wconf 88' lang='lat' dir='ltr'><strong><em>cbrouica</em></strong></span> <span class='ocrx_word' id='word_1_55' title='bbox 1041 1124 1232 1190; x_wconf 91' lang='lat' dir='ltr'><strong><em>Placentina</em></strong></span> <span class='ocrx_word' id='word_1_56' title='bbox 1254 1146 1337 1190; x_wconf 92' lang='lat' dir='ltr'><strong><em>saec.</em></strong></span> 
     </span>
     <span class='ocr_line' id='line_1_9' title="bbox 223 1212 1338 1296; baseline -0.004 -16"><span class='ocrx_word' id='word_1_57' title='bbox 223 1216 325 1280; x_wconf 88' lang='lat' dir='ltr'><strong><em>XIV.</em></strong></span> <span class='ocrx_word' id='word_1_58' title='bbox 349 1221 379 1280; x_wconf 88' lang='lat' dir='ltr'><strong><em>et</em></strong></span> <span class='ocrx_word' id='word_1_59' title='bbox 402 1214 481 1279; x_wconf 88' lang='lat' dir='ltr'><strong><em>XV.</em></strong></span> <span class='ocrx_word' id='word_1_60' title='bbox 505 1214 596 1279; x_wconf 91' lang='lat' dir='ltr'><strong><em>Petri</em></strong></span> <span class='ocrx_word' id='word_1_61' title='bbox 618 1217 656 1279; x_wconf 93' lang='lat' dir='ltr'><strong><em>de</em></strong></span> <span class='ocrx_word' id='word_1_62' title='bbox 678 1213 843 1296; x_wconf 68' lang='lat' dir='ltr'><strong><em>Ripalta1,</em></strong></span> <span class='ocrx_word' id='word_1_63' title='bbox 871 1213 984 1279; x_wconf 90' lang='lat' dir='ltr'><strong><em>Iacobi</em></strong></span> <span class='ocrx_word' id='word_1_64' title='bbox 1011 1212 1168 1294; x_wconf 80' lang='lat' dir='ltr'><strong><em>Oarsoloe,</em></strong></span> <span class='ocrx_word' id='word_1_65' title='bbox 1198 1212 1338 1278; x_wconf 92' lang='lat' dir='ltr'><strong><em>aliorum</em></strong></span> 
     </span>
     <span class='ocr_line' id='line_1_10' title="bbox 222 1301 1157 1385; baseline -0.004 -17"><span class='ocrx_word' id='word_1_66' title='bbox 222 1303 504 1370; x_wconf 70' lang='lat' dir='ltr'><strong><em>Placentinorum2</em></strong></span> <span class='ocrx_word' id='word_1_67' title='bbox 526 1303 682 1385; x_wconf 77' lang='lat' dir='ltr'><strong><em>bucusque</em></strong></span> <span class='ocrx_word' id='word_1_68' title='bbox 704 1303 826 1384; x_wconf 90' lang='lat' dir='ltr'><strong><em>sepulta</em></strong></span> <span class='ocrx_word' id='word_1_69' title='bbox 848 1301 951 1367; x_wconf 89' lang='lat' dir='ltr'><strong><em>iacere</em></strong></span> <span class='ocrx_word' id='word_1_70' title='bbox 966 1301 1061 1384; x_wconf 90' lang='lat' dir='ltr'><strong><em>passi</em></strong></span> <span class='ocrx_word' id='word_1_71' title='bbox 1083 1301 1157 1366; x_wconf 91' lang='lat' dir='ltr'><strong><em>siut.</em></strong></span> 
     </span>
     <span class='ocr_line' id='line_1_11' title="bbox 327 1389 1338 1457; baseline -0.001 -1"><span class='ocrx_word' id='word_1_72' title='bbox 327 1392 501 1457; x_wconf 90' lang='lat' dir='ltr'><strong><em>PrimusI.</em></strong></span> <span class='ocrx_word' id='word_1_73' title='bbox 515 1392 556 1456; x_wconf 87' lang='lat' dir='ltr'><strong><em>L.</em></strong></span> <span class='ocrx_word' id='word_1_74' title='bbox 566 1392 608 1455; x_wconf 88' lang='lat' dir='ltr'><strong><em>A.</em></strong></span> <span class='ocrx_word' id='word_1_75' title='bbox 621 1390 963 1456; x_wconf 83' lang='lat' dir='ltr'><strong><em>Hudlard·Brtbolles</em></strong></span> <span class='ocrx_word' id='word_1_76' title='bbox 974 1391 1121 1456; x_wconf 86' lang='lat' dir='ltr'><strong><em>Annales</em></strong></span> <span class='ocrx_word' id='word_1_77' title='bbox 1132 1389 1338 1456; x_wconf 90' lang='lat' dir='ltr'><strong><em>Placentinos</em></strong></span> 
     </span>
     <span class='ocr_line' id='line_1_12' title="bbox 222 1478 1338 1561; baseline -0.004 -13"><span class='ocrx_word' id='word_1_78' title='bbox 222 1503 260 1548; x_wconf 86' lang='lat' dir='ltr'><strong><em>eu</em></strong></span> <span class='ocrx_word' id='word_1_79' title='bbox 282 1481 385 1547; x_wconf 88' lang='lat' dir='ltr'><strong><em>codice</em></strong></span> <span class='ocrx_word' id='word_1_80' title='bbox 407 1480 563 1547; x_wconf 81' lang='lat' dir='ltr'><strong><em>Parisino</em></strong></span> <span class='ocrx_word' id='word_1_81' title='bbox 586 1481 606 1544; x_wconf 92' lang='lat' dir='ltr'><strong><em>l.</em></strong></span> <span class='ocrx_word' id='word_1_82' title='bbox 626 1480 647 1544; x_wconf 93' lang='lat' dir='ltr'><strong><em>l.</em></strong></span> <span class='ocrx_word' id='word_1_83' title='bbox 661 1501 696 1561; x_wconf 93' lang='lat' dir='ltr'><strong><em>p.</em></strong></span> <span class='ocrx_word' id='word_1_84' title='bbox 716 1486 855 1543; x_wconf 80' lang='lat'><strong><em>1—106.</em></strong></span> <span class='ocrx_word' id='word_1_85' title='bbox 879 1478 995 1560; x_wconf 85' lang='lat' dir='ltr'><strong><em>edidit,·</em></strong></span> <span class='ocrx_word' id='word_1_86' title='bbox 1023 1501 1099 1561; x_wconf 82' lang='lat' dir='ltr'><strong><em>quos</em></strong></span> <span class='ocrx_word' id='word_1_87' title='bbox 1128 1501 1166 1544; x_wconf 86' lang='lat' dir='ltr'><strong><em>eu</em></strong></span> <span class='ocrx_word' id='word_1_88' title='bbox 1193 1480 1252 1544; x_wconf 87' lang='lat' dir='ltr'><strong><em>bac</em></strong></span> <span class='ocrx_word' id='word_1_89' title='bbox 1275 1479 1338 1544; x_wconf 93' lang='lat' dir='ltr'><strong><em>edi-</em></strong></span> 
     </span>
     <span class='ocr_line' id='line_1_13' title="bbox 222 1568 1341 1651; baseline -0.005 -15"><span class='ocrx_word' id='word_1_90' title='bbox 222 1571 306 1636; x_wconf 89' lang='lat' dir='ltr'><strong><em>tione</em></strong></span> <span class='ocrx_word' id='word_1_91' title='bbox 324 1571 515 1635; x_wconf 90' lang='lat' dir='ltr'><strong><em>recndendos</em></strong></span> <span class='ocrx_word' id='word_1_92' title='bbox 533 1568 658 1634; x_wconf 85' lang='lat' dir='ltr'><strong><em>curauit</em></strong></span> <span class='ocrx_word' id='word_1_93' title='bbox 674 1568 717 1633; x_wconf 91' lang='lat' dir='ltr'><strong><em>B.</em></strong></span> <span class='ocrx_word' id='word_1_94' title='bbox 734 1589 833 1633; x_wconf 85' lang='lat' dir='ltr'><strong><em>cunes</em></strong></span> <span class='ocrx_word' id='word_1_95' title='bbox 848 1568 1044 1633; x_wconf 89' lang='lat' dir='ltr'><strong><em>Pallastrelli</em></strong></span> <span class='ocrx_word' id='word_1_96' title='bbox 1063 1570 1084 1633; x_wconf 96' lang='lat' dir='ltr'><strong><em>l.</em></strong></span> <span class='ocrx_word' id='word_1_97' title='bbox 1101 1569 1121 1632; x_wconf 91' lang='lat' dir='ltr'><strong><em>l.</em></strong></span> <span class='ocrx_word' id='word_1_98' title='bbox 1133 1591 1169 1651; x_wconf 90' lang='lat' dir='ltr'><strong><em>p.</em></strong></span> <span class='ocrx_word' id='word_1_99' title='bbox 1190 1574 1341 1649; x_wconf 81' lang='lat'><strong><em>1-108,·</em></strong></span> 
     </span>
     <span class='ocr_line' id='line_1_14' title="bbox 222 1657 1336 1741; baseline -0.003 -17"><span class='ocrx_word' id='word_1_100' title='bbox 222 1659 277 1741; x_wconf 79' lang='lat' dir='ltr'><strong><em>qui</em></strong></span> <span class='ocrx_word' id='word_1_101' title='bbox 305 1660 462 1724; x_wconf 94' lang='lat' dir='ltr'><strong><em>nonnulla</em></strong></span> <span class='ocrx_word' id='word_1_102' title='bbox 489 1658 585 1723; x_wconf 92' lang='lat' dir='ltr'><strong><em>utilia</em></strong></span> <span class='ocrx_word' id='word_1_103' title='bbox 614 1657 788 1723; x_wconf 83' lang='lat' dir='ltr'><strong><em>adnotavit.</em></strong></span> <span class='ocrx_word' id='word_1_104' title='bbox 837 1660 918 1722; x_wconf 84' lang='lat' dir='ltr'><strong><em>Tum</em></strong></span> <span class='ocrx_word' id='word_1_105' title='bbox 952 1657 991 1722; x_wconf 75' lang='lat' dir='ltr'><strong><em>Gr.</em></strong></span> <span class='ocrx_word' id='word_1_106' title='bbox 1011 1659 1057 1722; x_wconf 92' lang='lat' dir='ltr'><strong><em>H.</em></strong></span> <span class='ocrx_word' id='word_1_107' title='bbox 1077 1657 1173 1722; x_wconf 76' lang='lat' dir='ltr'><strong><em>Perta</em></strong></span> <span class='ocrx_word' id='word_1_108' title='bbox 1201 1678 1251 1721; x_wconf 91' lang='lat' dir='ltr'><strong><em>eos</em></strong></span> <span class='ocrx_word' id='word_1_109' title='bbox 1275 1657 1336 1722; x_wconf 80' lang='lat' dir='ltr'><strong><em>SS.</em></strong></span> 
     </span>
     <span class='ocr_line' id='line_1_15' title="bbox 224 1742 1341 1830; baseline -0.001 -18"><span class='ocrx_word' id='word_1_110' title='bbox 224 1748 262 1812; x_wconf 92' lang='lat' dir='ltr'>X</span> <span class='ocrx_word' id='word_1_111' title='bbox 268 1748 370 1827; x_wconf 88' lang='lat' dir='ltr'><strong><em>VIII,</em></strong></span> <span class='ocrx_word' id='word_1_112' title='bbox 390 1769 423 1828; x_wconf 91' lang='lat' dir='ltr'><strong><em>p.</em></strong></span> <span class='ocrx_word' id='word_1_113' title='bbox 441 1752 617 1810; x_wconf 82' lang='lat'>411-457</span> <span class='ocrx_word' id='word_1_114' title='bbox 638 1742 870 1824; x_wconf 89' lang='lat' dir='ltr'><strong><em>(Hannooerae</em></strong></span> <span class='ocrx_word' id='word_1_115' title='bbox 888 1747 988 1830; x_wconf 81' lang='lat'><em>1863)</em></span> <span class='ocrx_word' id='word_1_116' title='bbox 1005 1747 1107 1811; x_wconf 90' lang='lat' dir='ltr'><strong><em>denuo</em></strong></span> <span class='ocrx_word' id='word_1_117' title='bbox 1124 1745 1341 1828; x_wconf 76' lang='lat' dir='ltr'><strong><em>ueplepeutius</em></strong></span> 
     </span>
     <span class='ocr_line' id='line_1_16' title="bbox 223 1834 1339 1917; baseline -0.002 -16"><span class='ocrx_word' id='word_1_118' title='bbox 223 1835 330 1902; x_wconf 90' lang='lat' dir='ltr'><strong><em>edidit.</em></strong></span> <span class='ocrx_word' id='word_1_119' title='bbox 374 1835 435 1917; x_wconf 75' lang='lat' dir='ltr'><strong><em>Qui</em></strong></span> <span class='ocrx_word' id='word_1_120' title='bbox 457 1835 570 1916; x_wconf 90' lang='lat' dir='ltr'><strong><em>iratus,</em></strong></span> <span class='ocrx_word' id='word_1_121' title='bbox 595 1837 678 1917; x_wconf 80' lang='lat' dir='ltr'><strong><em>quod</em></strong></span> <span class='ocrx_word' id='word_1_122' title='bbox 699 1834 1044 1900; x_wconf 85' lang='lat' dir='ltr'><strong><em>Huillard·Bre&#39;lolles</em></strong></span> <span class='ocrx_word' id='word_1_123' title='bbox 1066 1836 1122 1899; x_wconf 89' lang='lat' dir='ltr'><strong><em>bos</em></strong></span> <span class='ocrx_word' id='word_1_124' title='bbox 1144 1841 1173 1899; x_wconf 92' lang='lat' dir='ltr'><strong><em>et</em></strong></span> <span class='ocrx_word' id='word_1_125' title='bbox 1190 1834 1339 1899; x_wconf 88' lang='lat' dir='ltr'><strong><em>Annales</em></strong></span> 
     </span>
     <span class='ocr_line' id='line_1_17' title="bbox 223 1922 1339 2005; baseline -0.002 -16"><span class='ocrx_word' id='word_1_126' title='bbox 223 1924 427 1990; x_wconf 90' lang='lat' dir='ltr'><strong><em>Placentinos</em></strong></span> <span class='ocrx_word' id='word_1_127' title='bbox 447 1923 621 1989; x_wconf 79' lang='lat' dir='ltr'><strong><em>Gibellinos</em></strong></span> <span class='ocrx_word' id='word_1_128' title='bbox 644 1930 717 1989; x_wconf 93' lang='lat' dir='ltr'><strong><em>ante</em></strong></span> <span class='ocrx_word' id='word_1_129' title='bbox 739 1923 843 2005; x_wconf 88' lang='lat' dir='ltr'><strong><em>ipsum</em></strong></span> <span class='ocrx_word' id='word_1_130' title='bbox 865 1923 1022 2004; x_wconf 77' lang='lat' dir='ltr'><strong><em>edidisset,</em></strong></span> <span class='ocrx_word' id='word_1_131' title='bbox 1045 1923 1136 1988; x_wconf 93' lang='lat' dir='ltr'><strong><em>illum</em></strong></span> <span class='ocrx_word' id='word_1_132' title='bbox 1154 1922 1271 1988; x_wconf 88' lang='lat' dir='ltr'><strong><em>acriter</em></strong></span> <span class='ocrx_word' id='word_1_133' title='bbox 1289 1925 1339 1987; x_wconf 94' lang='lat' dir='ltr'><strong><em>ob-</em></strong></span> 
     </span>
     <span class='ocr_line' id='line_1_18' title="bbox 223 2012 1341 2095; baseline -0.002 -16"><span class='ocrx_word' id='word_1_134' title='bbox 223 2014 370 2095; x_wconf 80' lang='lat' dir='ltr'><strong><em>iurpatus</em></strong></span> <span class='ocrx_word' id='word_1_135' title='bbox 399 2019 452 2092; x_wconf 90' lang='lat' dir='ltr'><strong><em>est,</em></strong></span> <span class='ocrx_word' id='word_1_136' title='bbox 482 2013 565 2094; x_wconf 80' lang='lat' dir='ltr'><strong><em>quod</em></strong></span> <span class='ocrx_word' id='word_1_137' title='bbox 592 2013 674 2077; x_wconf 91' lang='lat' dir='ltr'><strong><em>male</em></strong></span> <span class='ocrx_word' id='word_1_138' title='bbox 703 2012 834 2078; x_wconf 91' lang='lat' dir='ltr'><strong><em>editoris</em></strong></span> <span class='ocrx_word' id='word_1_139' title='bbox 862 2034 990 2077; x_wconf 83' lang='lat' dir='ltr'><strong><em>munem</em></strong></span> <span class='ocrx_word' id='word_1_140' title='bbox 1021 2013 1149 2091; x_wconf 80' lang='lat' dir='ltr'><strong><em>functus</em></strong></span> <span class='ocrx_word' id='word_1_141' title='bbox 1171 2013 1277 2091; x_wconf 78' lang='lat' dir='ltr'><strong><em>esset³,</em></strong></span> <span class='ocrx_word' id='word_1_142' title='bbox 1309 2019 1341 2077; x_wconf 91' lang='lat' dir='ltr'><strong><em>et</em></strong></span> 
     </span>
     <span class='ocr_line' id='line_1_19' title="bbox 224 2099 1339 2183; baseline -0.003 -16"><span class='ocrx_word' id='word_1_143' title='bbox 224 2123 335 2167; x_wconf 87' lang='lat' dir='ltr'><strong><em>reuera</em></strong></span> <span class='ocrx_word' id='word_1_144' title='bbox 356 2101 444 2165; x_wconf 85' lang='lat' dir='ltr'><strong><em>baud</em></strong></span> <span class='ocrx_word' id='word_1_145' title='bbox 459 2122 568 2183; x_wconf 89' lang='lat' dir='ltr'><strong><em>pauco</em></strong></span> <span class='ocrx_word' id='word_1_146' title='bbox 590 2122 612 2164; x_wconf 98' lang='lat' dir='ltr'><strong><em>a</em></strong></span> <span class='ocrx_word' id='word_1_147' title='bbox 629 2100 735 2182; x_wconf 90' lang='lat' dir='ltr'><strong><em>primo</em></strong></span> <span class='ocrx_word' id='word_1_148' title='bbox 758 2100 875 2166; x_wconf 90' lang='lat' dir='ltr'><strong><em>editore</em></strong></span> <span class='ocrx_word' id='word_1_149' title='bbox 897 2107 1045 2182; x_wconf 92' lang='lat' dir='ltr'><strong><em>corrupta</em></strong></span> <span class='ocrx_word' id='word_1_150' title='bbox 1066 2121 1105 2165; x_wconf 87' lang='lat' dir='ltr'><strong><em>eu</em></strong></span> <span class='ocrx_word' id='word_1_151' title='bbox 1125 2100 1227 2165; x_wconf 90' lang='lat' dir='ltr'><strong><em>codice</em></strong></span> <span class='ocrx_word' id='word_1_152' title='bbox 1242 2099 1339 2165; x_wconf 90' lang='lat' dir='ltr'><strong><em>Pari·</em></strong></span> 
     </span>
     <span class='ocr_line' id='line_1_20' title="bbox 224 2188 1341 2271; baseline -0.001 -15"><span class='ocrx_word' id='word_1_153' title='bbox 224 2190 295 2256; x_wconf 90' lang='lat' dir='ltr'><strong><em>sino</em></strong></span> <span class='ocrx_word' id='word_1_154' title='bbox 329 2192 404 2255; x_wconf 91' lang='lat' dir='ltr'><strong><em>bene</em></strong></span> <span class='ocrx_word' id='word_1_155' title='bbox 433 2189 598 2271; x_wconf 74' lang='lat' dir='ltr'><strong><em>restituit4,</em></strong></span> <span class='ocrx_word' id='word_1_156' title='bbox 636 2189 704 2255; x_wconf 90' lang='lat' dir='ltr'><strong><em>alia</em></strong></span> <span class='ocrx_word' id='word_1_157' title='bbox 741 2196 829 2255; x_wconf 88' lang='lat' dir='ltr'><strong><em>acute</em></strong></span> <span class='ocrx_word' id='word_1_158' title='bbox 858 2189 1039 2254; x_wconf 89' lang='lat' dir='ltr'><strong><em>conicienda</em></strong></span> <span class='ocrx_word' id='word_1_159' title='bbox 1069 2188 1252 2269; x_wconf 83' lang='lat' dir='ltr'><strong><em>emendarit,</em></strong></span> <span class='ocrx_word' id='word_1_160' title='bbox 1283 2192 1341 2255; x_wconf 90' lang='lat' dir='ltr'><strong><em>sed</em></strong></span> 
     </span>
     <span class='ocr_line' id='line_1_21' title="bbox 224 2277 1339 2361; baseline -0.001 -17"><span class='ocrx_word' id='word_1_161' title='bbox 224 2279 320 2344; x_wconf 92' lang='lat' dir='ltr'><strong><em>etiam</em></strong></span> <span class='ocrx_word' id='word_1_162' title='bbox 335 2302 356 2344; x_wconf 92' lang='lat' dir='ltr'><strong><em>o</em></strong></span> <span class='ocrx_word' id='word_1_163' title='bbox 367 2279 476 2361; x_wconf 88' lang='lat' dir='ltr'><strong><em>primo</em></strong></span> <span class='ocrx_word' id='word_1_164' title='bbox 494 2279 611 2344; x_wconf 88' lang='lat' dir='ltr'><strong><em>editore</em></strong></span> <span class='ocrx_word' id='word_1_165' title='bbox 634 2279 746 2360; x_wconf 90' lang='lat' dir='ltr'><strong><em>optimc</em></strong></span> <span class='ocrx_word' id='word_1_166' title='bbox 761 2285 899 2345; x_wconf 86' lang='lat' dir='ltr'><strong><em>correcta</em></strong></span> <span class='ocrx_word' id='word_1_167' title='bbox 915 2278 1029 2343; x_wconf 93' lang='lat' dir='ltr'><strong><em>tacitus</em></strong></span> <span class='ocrx_word' id='word_1_168' title='bbox 1043 2277 1109 2358; x_wconf 91' lang='lat' dir='ltr'><strong><em>ipse</em></strong></span> <span class='ocrx_word' id='word_1_169' title='bbox 1124 2277 1247 2359; x_wconf 88' lang='lat' dir='ltr'><strong><em>recepit,</em></strong></span> <span class='ocrx_word' id='word_1_170' title='bbox 1268 2277 1339 2343; x_wconf 93' lang='lat' dir='ltr'><strong><em>alia</em></strong></span> 
     </span>
     <span class='ocr_line' id='line_1_22' title="bbox 223 2365 1341 2450; baseline -0.001 -17"><span class='ocrx_word' id='word_1_171' title='bbox 223 2371 327 2449; x_wconf 83' lang='lat' dir='ltr'><strong><em>uerba,</em></strong></span> <span class='ocrx_word' id='word_1_172' title='bbox 351 2389 431 2450; x_wconf 79' lang='lat' dir='ltr'><strong><em>quae</em></strong></span> <span class='ocrx_word' id='word_1_173' title='bbox 452 2367 506 2433; x_wconf 90' lang='lat' dir='ltr'><strong><em>ille</em></strong></span> <span class='ocrx_word' id='word_1_174' title='bbox 527 2375 608 2434; x_wconf 91' lang='lat' dir='ltr'><strong><em>recte</em></strong></span> <span class='ocrx_word' id='word_1_175' title='bbox 629 2368 780 2449; x_wconf 81' lang='lat' dir='ltr'><strong><em>ediderat,</em></strong></span> <span class='ocrx_word' id='word_1_176' title='bbox 804 2367 946 2449; x_wconf 90' lang='lat' dir='ltr'><strong><em>corrupit</em></strong></span> <span class='ocrx_word' id='word_1_177' title='bbox 967 2367 1015 2431; x_wconf 90' lang='lat' dir='ltr'><strong><em>oel</em></strong></span> <span class='ocrx_word' id='word_1_178' title='bbox 1033 2365 1145 2447; x_wconf 86' lang='lat' dir='ltr'><strong><em>maisit,</em></strong></span> <span class='ocrx_word' id='word_1_179' title='bbox 1169 2366 1341 2432; x_wconf 89' lang='lat' dir='ltr'><strong><em>nonnullos</em></strong></span> 
     </span>
     <span class='ocr_line' id='line_1_23' title="bbox 224 2454 1339 2538; baseline -0.004 -15"><span class='ocrx_word' id='word_1_180' title='bbox 224 2458 306 2523; x_wconf 89' lang='lat' dir='ltr'><strong><em>locos</em></strong></span> <span class='ocrx_word' id='word_1_181' title='bbox 338 2459 420 2522; x_wconf 90' lang='lat' dir='ltr'><strong><em>male</em></strong></span> <span class='ocrx_word' id='word_1_182' title='bbox 452 2456 632 2523; x_wconf 89' lang='lat' dir='ltr'><strong><em>conicienda</em></strong></span> <span class='ocrx_word' id='word_1_183' title='bbox 666 2456 851 2538; x_wconf 80' lang='lat' dir='ltr'><strong><em>depravavit</em></strong></span> <span class='ocrx_word' id='word_1_184' title='bbox 880 2463 909 2520; x_wconf 93' lang='lat' dir='ltr'><strong><em>et</em></strong></span> <span class='ocrx_word' id='word_1_185' title='bbox 937 2490 980 2500; x_wconf 91' lang='lat'>—</span> <span class='ocrx_word' id='word_1_186' title='bbox 1003 2457 1086 2537; x_wconf 80' lang='lat' dir='ltr'><strong><em>qnod</em></strong></span> <span class='ocrx_word' id='word_1_187' title='bbox 1111 2454 1339 2537; x_wconf 81' lang='lat' dir='ltr'><strong><em>pravissimum</em></strong></span> 
     </span>
     <span class='ocr_line' id='line_1_24' title="bbox 225 2544 1343 2626; baseline -0.001 -15"><span class='ocrx_word' id='word_1_188' title='bbox 225 2553 270 2612; x_wconf 90' lang='lat' dir='ltr'><strong><em>est</em></strong></span> <span class='ocrx_word' id='word_1_189' title='bbox 291 2579 335 2591; x_wconf 94' lang='lat'>-</span> <span class='ocrx_word' id='word_1_190' title='bbox 356 2547 457 2610; x_wconf 94' lang='lat' dir='ltr'><strong><em>multa</em></strong></span> <span class='ocrx_word' id='word_1_191' title='bbox 479 2565 586 2610; x_wconf 93' lang='lat' dir='ltr'><strong><em>eorum</em></strong></span> <span class='ocrx_word' id='word_1_192' title='bbox 607 2566 688 2626; x_wconf 82' lang='lat' dir='ltr'><strong><em>quae</em></strong></span> <span class='ocrx_word' id='word_1_193' title='bbox 704 2545 832 2625; x_wconf 77' lang='lat' dir='ltr'><strong><em>priores</em></strong></span> <span class='ocrx_word' id='word_1_194' title='bbox 849 2544 984 2609; x_wconf 90' lang='lat' dir='ltr'><strong><em>editores</em></strong></span> <span class='ocrx_word' id='word_1_195' title='bbox 1003 2546 1078 2609; x_wconf 92' lang='lat' dir='ltr'><strong><em>bene</em></strong></span> <span class='ocrx_word' id='word_1_196' title='bbox 1096 2546 1343 2610; x_wconf 81' lang='lat' dir='ltr'><strong><em>emendaverunt</em></strong></span> 
     </span>
     <span class='ocr_line' id='line_1_25' title="bbox 226 2632 1340 2715; baseline -0.002 -15"><span class='ocrx_word' id='word_1_197' title='bbox 226 2641 255 2700; x_wconf 91' lang='lat' dir='ltr'><strong><em>et</em></strong></span> <span class='ocrx_word' id='word_1_198' title='bbox 277 2636 509 2699; x_wconf 81' lang='lat' dir='ltr'><strong><em>adnotaverunt</em></strong></span> <span class='ocrx_word' id='word_1_199' title='bbox 530 2633 667 2715; x_wconf 80' lang='lat' dir='ltr'><strong><em>uepleuit</em></strong></span> <span class='ocrx_word' id='word_1_200' title='bbox 681 2640 710 2698; x_wconf 91' lang='lat' dir='ltr'><strong><em>et</em></strong></span> <span class='ocrx_word' id='word_1_201' title='bbox 724 2632 849 2697; x_wconf 81' lang='lat' dir='ltr'><strong><em>silerum</em></strong></span> <span class='ocrx_word' id='word_1_202' title='bbox 865 2632 1055 2714; x_wconf 81' lang='lat' dir='ltr'><strong><em>praeterivit</em></strong></span> <span class='ocrx_word' id='word_1_203' title='bbox 1063 2633 1083 2714; x_wconf 90' lang='lat'><strong><em>⁵,</em></strong></span> <span class='ocrx_word' id='word_1_204' title='bbox 1107 2639 1142 2698; x_wconf 96' lang='lat' dir='ltr'><strong><em>ut</em></strong></span> <span class='ocrx_word' id='word_1_205' title='bbox 1156 2633 1340 2714; x_wconf 79' lang='lat' dir='ltr'><strong><em>neutiquam</em></strong></span> 
     </span>
     <span class='ocr_line' id='line_1_26' title="bbox 226 2720 1340 2803; baseline 0 -16"><span class='ocrx_word' id='word_1_206' title='bbox 226 2723 321 2787; x_wconf 88' lang='lat' dir='ltr'><strong><em>buius</em></strong></span> <span class='ocrx_word' id='word_1_207' title='bbox 350 2721 516 2786; x_wconf 91' lang='lat' dir='ltr'><strong><em>editionem</em></strong></span> <span class='ocrx_word' id='word_1_208' title='bbox 545 2721 689 2786; x_wconf 89' lang='lat' dir='ltr'><strong><em>omnibns</em></strong></span> <span class='ocrx_word' id='word_1_209' title='bbox 718 2720 860 2786; x_wconf 89' lang='lat' dir='ltr'><strong><em>numeris</em></strong></span> <span class='ocrx_word' id='word_1_210' title='bbox 888 2721 1053 2802; x_wconf 87' lang='lat' dir='ltr'><strong><em>prioribus</em></strong></span> <span class='ocrx_word' id='word_1_211' title='bbox 1076 2728 1244 2803; x_wconf 86' lang='lat' dir='ltr'><strong><em>praestare</em></strong></span> <span class='ocrx_word' id='word_1_212' title='bbox 1273 2723 1340 2787; x_wconf 94' lang='lat' dir='ltr'><strong><em>dici</em></strong></span> 
     </span>
     <span class='ocr_line' id='line_1_27' title="bbox 219 2809 1342 2893; baseline 0.001 -18"><span class='ocrx_word' id='word_1_213' title='bbox 219 2810 323 2893; x_wconf 87' lang='lat' dir='ltr'><strong><em>possit</em></strong></span> <span class='ocrx_word' id='word_1_214' title='bbox 331 2811 353 2873; x_wconf 77' lang='lat'><strong><em>⁶.</em></strong></span> <span class='ocrx_word' id='word_1_215' title='bbox 389 2810 468 2876; x_wconf 80' lang='lat' dir='ltr'><strong><em>Cum</em></strong></span> <span class='ocrx_word' id='word_1_216' title='bbox 476 2809 606 2892; x_wconf 90' lang='lat' dir='ltr'><strong><em>primns</em></strong></span> <span class='ocrx_word' id='word_1_217' title='bbox 616 2809 716 2875; x_wconf 92' lang='lat' dir='ltr'><strong><em>editor</em></strong></span> <span class='ocrx_word' id='word_1_218' title='bbox 727 2831 949 2891; x_wconf 79' lang='lat' dir='ltr'><strong><em>nonnusquam</em></strong></span> <span class='ocrx_word' id='word_1_219' title='bbox 960 2812 1055 2875; x_wconf 92' lang='lat' dir='ltr'><strong><em>oerba</em></strong></span> <span class='ocrx_word' id='word_1_220' title='bbox 1066 2810 1246 2876; x_wconf 84' lang='lat' dir='ltr'><strong><em>Annalium</em></strong></span> <span class='ocrx_word' id='word_1_221' title='bbox 1258 2812 1342 2876; x_wconf 92' lang='lat' dir='ltr'><strong><em>male</em></strong></span> 
     </span>
    </p>
   </div>
   <div class='ocr_carea' id='block_1_3' title="bbox 226 2966 1344 4456">
    <p class='ocr_par' dir='ltr' id='par_1_3' title="bbox 226 2966 1344 4456">
     <span class='ocr_line' id='line_1_28' title="bbox 227 2966 1338 3034; baseline 0.001 -12"><span class='ocrx_word' id='word_1_222' title='bbox 227 2969 254 3033; x_wconf 73' lang='lat'><strong><em>1)</em></strong></span> <span class='ocrx_word' id='word_1_223' title='bbox 277 2966 325 3018; x_wconf 79' lang='lat' dir='ltr'><strong><em>Eu·</em></strong></span> <span class='ocrx_word' id='word_1_224' title='bbox 349 2967 471 3018; x_wconf 83' lang='lat' dir='ltr'><strong><em>cbrouico</em></strong></span> <span class='ocrx_word' id='word_1_225' title='bbox 494 2966 576 3018; x_wconf 82' lang='lat' dir='ltr'><strong><em>buius</em></strong></span> <span class='ocrx_word' id='word_1_226' title='bbox 602 2966 633 3020; x_wconf 83' lang='lat' dir='ltr'><strong><em>G.</em></strong></span> <span class='ocrx_word' id='word_1_227' title='bbox 654 2966 689 3020; x_wconf 89' lang='lat' dir='ltr'><strong><em>H.</em></strong></span> <span class='ocrx_word' id='word_1_228' title='bbox 708 2967 787 3018; x_wconf 74' lang='lat' dir='ltr'><strong><em>Perta</em></strong></span> <span class='ocrx_word' id='word_1_229' title='bbox 812 2973 933 3034; x_wconf 77' lang='lat' dir='ltr'><strong><em>excerpta</em></strong></span> <span class='ocrx_word' id='word_1_230' title='bbox 958 2983 984 3021; x_wconf 90' lang='lat' dir='ltr'><strong><em>a.</em></strong></span> <span class='ocrx_word' id='word_1_231' title='bbox 1000 2969 1167 3023; x_wconf 82' lang='lat'>814-1089.</span> <span class='ocrx_word' id='word_1_232' title='bbox 1190 2968 1270 3019; x_wconf 78' lang='lat' dir='ltr'><strong><em>edidit</em></strong></span> <span class='ocrx_word' id='word_1_233' title='bbox 1288 2968 1338 3023; x_wconf 84' lang='lat' dir='ltr'><strong><em>SS.</em></strong></span> 
     </span>
     <span class='ocr_line' id='line_1_29' title="bbox 226 3036 1340 3105; baseline 0 -15"><span class='ocrx_word' id='word_1_234' title='bbox 226 3039 340 3103; x_wconf 86' lang='lat' dir='ltr'><strong><em>XVIII,</em></strong></span> <span class='ocrx_word' id='word_1_235' title='bbox 356 3040 457 3104; x_wconf 56' lang='lat'><strong><em>12410.</em></strong></span> <span class='ocrx_word' id='word_1_236' title='bbox 511 3039 540 3105; x_wconf 81' lang='lat'><strong><em>2)</em></strong></span> <span class='ocrx_word' id='word_1_237' title='bbox 563 3037 605 3102; x_wconf 73' lang='lat' dir='ltr'><strong><em>Of.</em></strong></span> <span class='ocrx_word' id='word_1_238' title='bbox 617 3036 661 3091; x_wconf 59' lang='grc' dir='ltr'><strong><em>ίΝ.</em></strong></span> <span class='ocrx_word' id='word_1_239' title='bbox 671 3037 780 3090; x_wconf 79' lang='lat' dir='ltr'><strong><em>Arcbid</em></strong></span> <span class='ocrx_word' id='word_1_240' title='bbox 787 3038 842 3103; x_wconf 82' lang='grc' dir='ltr'><strong><em>ΙΙΙ,</em></strong></span> <span class='ocrx_word' id='word_1_241' title='bbox 852 3054 882 3105; x_wconf 88' lang='lat' dir='ltr'><strong><em>p.</em></strong></span> <span class='ocrx_word' id='word_1_242' title='bbox 893 3040 945 3094; x_wconf 85' lang='grc'><strong><em>158</em></strong></span> <span class='ocrx_word' id='word_1_243' title='bbox 954 3055 1008 3104; x_wconf 81' lang='lat' dir='ltr'><strong><em>sqq.</em></strong></span> <span class='ocrx_word' id='word_1_244' title='bbox 1063 3041 1090 3105; x_wconf 88' lang='lat'><strong><em>3)</em></strong></span> <span class='ocrx_word' id='word_1_245' title='bbox 1111 3038 1154 3103; x_wconf 75' lang='lat' dir='ltr'><strong><em>Cf.</em></strong></span> <span class='ocrx_word' id='word_1_246' title='bbox 1169 3039 1208 3093; x_wconf 88' lang='lat' dir='ltr'><strong><em>W.</em></strong></span> <span class='ocrx_word' id='word_1_247' title='bbox 1223 3039 1340 3090; x_wconf 88' lang='lat' dir='ltr'><strong><em>Watten-</em></strong></span> 
     </span>
     <span class='ocr_line' id='line_1_30' title="bbox 227 3108 1339 3178; baseline 0.001 -17"><span class='ocrx_word' id='word_1_248' title='bbox 227 3110 300 3174; x_wconf 84' lang='lat' dir='ltr'><strong><em>bacb,</em></strong></span> <span class='ocrx_word' id='word_1_249' title='bbox 322 3109 425 3173; x_wconf 73' lang='lat' dir='ltr'><strong><em>‘Deo’</em></strong></span> <span class='ocrx_word' id='word_1_250' title='bbox 443 3110 481 3160; x_wconf 92' lang='lat' dir='ltr'><strong><em>ed.</em></strong></span> <span class='ocrx_word' id='word_1_251' title='bbox 497 3110 523 3163; x_wconf 79' lang='grc' dir='ltr'><strong><em>ὃ.</em></strong></span> <span class='ocrx_word' id='word_1_252' title='bbox 539 3108 579 3173; x_wconf 88' lang='lat' dir='ltr'><strong><em>II,</em></strong></span> <span class='ocrx_word' id='word_1_253' title='bbox 594 3124 623 3175; x_wconf 92' lang='lat' dir='ltr'><strong><em>p.</em></strong></span> <span class='ocrx_word' id='word_1_254' title='bbox 636 3110 689 3162; x_wconf 81' lang='lat'><strong><em>296</em></strong></span> <span class='ocrx_word' id='word_1_255' title='bbox 701 3125 754 3175; x_wconf 55' lang='lat' dir='ltr'><strong><em>spe</em></strong></span> <span class='ocrx_word' id='word_1_256' title='bbox 772 3109 810 3163; x_wconf 87' lang='lat' dir='ltr'><strong><em>ed.</em></strong></span> <span class='ocrx_word' id='word_1_257' title='bbox 828 3112 852 3164; x_wconf 85' lang='lat'><strong><em>6.</em></strong></span> <span class='ocrx_word' id='word_1_258' title='bbox 869 3110 908 3175; x_wconf 86' lang='lat' dir='ltr'><strong><em>II,</em></strong></span> <span class='ocrx_word' id='word_1_259' title='bbox 927 3127 953 3178; x_wconf 89' lang='lat' dir='ltr'><strong><em>p.</em></strong></span> <span class='ocrx_word' id='word_1_260' title='bbox 967 3111 1027 3173; x_wconf 76' lang='lat'><strong><em>328,</em></strong></span> <span class='ocrx_word' id='word_1_261' title='bbox 1047 3126 1074 3164; x_wconf 88' lang='lat' dir='ltr'><strong><em>n.</em></strong></span> <span class='ocrx_word' id='word_1_262' title='bbox 1087 3112 1113 3164; x_wconf 88' lang='lat'><strong><em>4.</em></strong></span> <span class='ocrx_word' id='word_1_263' title='bbox 1202 3110 1231 3178; x_wconf 89' lang='lat'><strong><em>4)</em></strong></span> <span class='ocrx_word' id='word_1_264' title='bbox 1250 3111 1339 3162; x_wconf 87' lang='lat' dir='ltr'><strong><em>Plura</em></strong></span> 
     </span>
     <span class='ocr_line' id='line_1_31' title="bbox 228 3179 1337 3248; baseline 0.001 -16"><span class='ocrx_word' id='word_1_265' title='bbox 228 3179 520 3232; x_wconf 79' lang='lat' dir='ltr'><strong><em>Huillard-Bribolles</em></strong></span> <span class='ocrx_word' id='word_1_266' title='bbox 537 3181 567 3230; x_wconf 88' lang='lat' dir='ltr'><strong><em>in</em></strong></span> <span class='ocrx_word' id='word_1_267' title='bbox 585 3180 691 3231; x_wconf 84' lang='lat' dir='ltr'><strong><em>edendis</em></strong></span> <span class='ocrx_word' id='word_1_268' title='bbox 707 3180 860 3232; x_wconf 78' lang='lat' dir='ltr'><strong><em>Annalibus</em></strong></span> <span class='ocrx_word' id='word_1_269' title='bbox 872 3181 1035 3233; x_wconf 81' lang='lat' dir='ltr'><strong><em>Placentinis</em></strong></span> <span class='ocrx_word' id='word_1_270' title='bbox 1049 3181 1190 3232; x_wconf 79' lang='lat' dir='ltr'><strong><em>Gibcllinis</em></strong></span> <span class='ocrx_word' id='word_1_271' title='bbox 1207 3184 1337 3248; x_wconf 88' lang='lat' dir='ltr'><strong><em>corrupit,</em></strong></span> 
     </span>
     <span class='ocr_line' id='line_1_32' title="bbox 227 3250 1343 3319; baseline 0.002 -17"><span class='ocrx_word' id='word_1_272' title='bbox 227 3253 296 3318; x_wconf 80' lang='lat' dir='ltr'><strong><em>quod</em></strong></span> <span class='ocrx_word' id='word_1_273' title='bbox 309 3251 437 3317; x_wconf 87' lang='lat' dir='ltr'><strong><em>partibus</em></strong></span> <span class='ocrx_word' id='word_1_274' title='bbox 454 3252 548 3303; x_wconf 77' lang='lat' dir='ltr'><strong><em>codicis</em></strong></span> <span class='ocrx_word' id='word_1_275' title='bbox 565 3250 754 3303; x_wconf 70' lang='lat' dir='ltr'><strong><em>Lmrdiuicusrs</em></strong></span> <span class='ocrx_word' id='word_1_276' title='bbox 772 3252 868 3303; x_wconf 88' lang='lat' dir='ltr'><strong><em>borum</em></strong></span> <span class='ocrx_word' id='word_1_277' title='bbox 887 3252 1036 3304; x_wconf 81' lang='lat' dir='ltr'><strong><em>Annalium</em></strong></span> <span class='ocrx_word' id='word_1_278' title='bbox 1054 3269 1072 3303; x_wconf 91' lang='lat' dir='ltr'><strong><em>a</em></strong></span> <span class='ocrx_word' id='word_1_279' title='bbox 1089 3252 1120 3306; x_wconf 86' lang='lat' dir='ltr'><strong><em>V.</em></strong></span> <span class='ocrx_word' id='word_1_280' title='bbox 1134 3252 1173 3306; x_wconf 81' lang='lat' dir='ltr'><strong><em>oi.</em></strong></span> <span class='ocrx_word' id='word_1_281' title='bbox 1186 3252 1221 3306; x_wconf 88' lang='lat' dir='ltr'><strong><em>K.</em></strong></span> <span class='ocrx_word' id='word_1_282' title='bbox 1234 3253 1343 3319; x_wconf 86' lang='lat' dir='ltr'><strong><em>Hnmpc·</em></strong></span> 
     </span>
     <span class='ocr_line' id='line_1_33' title="bbox 227 3321 1343 3386; baseline 0.001 -12"><span class='ocrx_word' id='word_1_283' title='bbox 227 3322 327 3374; x_wconf 85' lang='lat' dir='ltr'><strong><em>collatis</em></strong></span> <span class='ocrx_word' id='word_1_284' title='bbox 344 3322 471 3386; x_wconf 75' lang='lat' dir='ltr'><strong><em>intellexi,</em></strong></span> <span class='ocrx_word' id='word_1_285' title='bbox 489 3321 534 3372; x_wconf 87' lang='lat' dir='ltr'><strong><em>sed</em></strong></span> <span class='ocrx_word' id='word_1_286' title='bbox 545 3326 569 3372; x_wconf 90' lang='lat' dir='ltr'><strong><em>et</em></strong></span> <span class='ocrx_word' id='word_1_287' title='bbox 580 3321 684 3375; x_wconf 81' lang='lat' dir='ltr'><strong><em>Pertzii</em></strong></span> <span class='ocrx_word' id='word_1_288' title='bbox 698 3323 777 3374; x_wconf 86' lang='lat' dir='ltr'><strong><em>editio</em></strong></span> <span class='ocrx_word' id='word_1_289' title='bbox 791 3323 888 3375; x_wconf 74' lang='lat' dir='ltr'><strong><em>inum</em></strong></span> <span class='ocrx_word' id='word_1_290' title='bbox 900 3323 1052 3375; x_wconf 79' lang='lat' dir='ltr'><strong><em>Annalium</em></strong></span> <span class='ocrx_word' id='word_1_291' title='bbox 1063 3325 1143 3374; x_wconf 88' lang='lat' dir='ltr'><strong><em>iustis</em></strong></span> <span class='ocrx_word' id='word_1_292' title='bbox 1154 3324 1220 3374; x_wconf 88' lang='lat' dir='ltr'><strong><em>cotis</em></strong></span> <span class='ocrx_word' id='word_1_293' title='bbox 1231 3325 1343 3375; x_wconf 86' lang='lat' dir='ltr'><strong><em>minime</em></strong></span> 
     </span>
     <span class='ocr_line' id='line_1_34' title="bbox 227 3393 1339 3461; baseline 0 -15"><span class='ocrx_word' id='word_1_294' title='bbox 227 3394 335 3459; x_wconf 71' lang='lat' dir='ltr'><strong><em>sufficit.</em></strong></span> <span class='ocrx_word' id='word_1_295' title='bbox 389 3394 417 3461; x_wconf 80' lang='grc' dir='ltr'><strong><em>ὅ)</em></strong></span> <span class='ocrx_word' id='word_1_296' title='bbox 436 3393 546 3444; x_wconf 89' lang='lat' dir='ltr'><strong><em>Primus</em></strong></span> <span class='ocrx_word' id='word_1_297' title='bbox 562 3393 646 3445; x_wconf 88' lang='lat' dir='ltr'><strong><em>editor</em></strong></span> <span class='ocrx_word' id='word_1_298' title='bbox 663 3409 750 3445; x_wconf 85' lang='lat' dir='ltr'><strong><em>omues</em></strong></span> <span class='ocrx_word' id='word_1_299' title='bbox 767 3395 823 3446; x_wconf 87' lang='lat' dir='ltr'><strong><em>dies</em></strong></span> <span class='ocrx_word' id='word_1_300' title='bbox 841 3396 871 3444; x_wconf 91' lang='lat' dir='ltr'><strong><em>iu</em></strong></span> <span class='ocrx_word' id='word_1_301' title='bbox 882 3393 1034 3445; x_wconf 81' lang='lat' dir='ltr'><strong><em>Annalibus</em></strong></span> <span class='ocrx_word' id='word_1_302' title='bbox 1052 3395 1181 3445; x_wconf 87' lang='lat' dir='ltr'><strong><em>indicatos</em></strong></span> <span class='ocrx_word' id='word_1_303' title='bbox 1198 3394 1339 3460; x_wconf 79' lang='lat' dir='ltr'><strong><em>dilipcnter</em></strong></span> 
     </span>
     <span class='ocr_line' id='line_1_35' title="bbox 227 3464 1342 3530; baseline 0 -14"><span class='ocrx_word' id='word_1_304' title='bbox 227 3467 435 3529; x_wconf 75' lang='lat' dir='ltr'><strong><em>examinaverat,</em></strong></span> <span class='ocrx_word' id='word_1_305' title='bbox 453 3464 533 3515; x_wconf 76' lang='lat' dir='ltr'><strong><em>Perta</em></strong></span> <span class='ocrx_word' id='word_1_306' title='bbox 550 3464 634 3516; x_wconf 88' lang='lat' dir='ltr'><strong><em>multa</em></strong></span> <span class='ocrx_word' id='word_1_307' title='bbox 652 3481 742 3518; x_wconf 78' lang='lat' dir='ltr'><strong><em>enum</em></strong></span> <span class='ocrx_word' id='word_1_308' title='bbox 760 3464 793 3514; x_wconf 90' lang='lat' dir='ltr'><strong><em>ab</em></strong></span> <span class='ocrx_word' id='word_1_309' title='bbox 810 3465 859 3516; x_wconf 91' lang='lat' dir='ltr'><strong><em>illo</em></strong></span> <span class='ocrx_word' id='word_1_310' title='bbox 876 3466 908 3515; x_wconf 85' lang='lat' dir='ltr'><strong><em>dc</em></strong></span> <span class='ocrx_word' id='word_1_311' title='bbox 925 3465 969 3516; x_wconf 84' lang='lat' dir='ltr'><strong><em>bis</em></strong></span> <span class='ocrx_word' id='word_1_312' title='bbox 987 3465 1115 3516; x_wconf 83' lang='lat' dir='ltr'><strong><em>adnotata</em></strong></span> <span class='ocrx_word' id='word_1_313' title='bbox 1127 3465 1251 3530; x_wconf 77' lang='lat' dir='ltr'><strong><em>uepleait,</em></strong></span> <span class='ocrx_word' id='word_1_314' title='bbox 1271 3481 1342 3516; x_wconf 73' lang='lat' dir='ltr'><strong><em>reon·v</em></strong></span> 
     </span>
     <span class='ocr_line' id='line_1_36' title="bbox 227 3535 1339 3602; baseline 0.002 -16"><span class='ocrx_word' id='word_1_315' title='bbox 227 3536 304 3587; x_wconf 38' lang='lat' dir='ltr'><strong><em>nsutta</em></strong></span> <span class='ocrx_word' id='word_1_316' title='bbox 322 3537 483 3602; x_wconf 79' lang='lat' dir='ltr'><strong><em>depravavit.</em></strong></span> <span class='ocrx_word' id='word_1_317' title='bbox 519 3535 612 3587; x_wconf 89' lang='lat' dir='ltr'><strong><em>Pauca</em></strong></span> <span class='ocrx_word' id='word_1_318' title='bbox 630 3552 663 3587; x_wconf 83' lang='lat' dir='ltr'><strong><em>en</em></strong></span> <span class='ocrx_word' id='word_1_319' title='bbox 681 3538 717 3586; x_wconf 90' lang='lat' dir='ltr'><strong><em>iis</em></strong></span> <span class='ocrx_word' id='word_1_320' title='bbox 742 3551 809 3602; x_wconf 78' lang='lat' dir='ltr'><strong><em>quae</em></strong></span> <span class='ocrx_word' id='word_1_321' title='bbox 827 3537 860 3590; x_wconf 90' lang='lat' dir='ltr'><strong><em>B.</em></strong></span> <span class='ocrx_word' id='word_1_322' title='bbox 879 3550 960 3587; x_wconf 87' lang='lat' dir='ltr'><strong><em>comes</em></strong></span> <span class='ocrx_word' id='word_1_323' title='bbox 977 3536 1144 3587; x_wconf 87' lang='lat' dir='ltr'><strong><em>Pallastrelli</em></strong></span> <span class='ocrx_word' id='word_1_324' title='bbox 1167 3537 1339 3588; x_wconf 85' lang='lat' dir='ltr'><strong><em>adnotaverat</em></strong></span> 
     </span>
     <span class='ocr_line' id='line_1_37' title="bbox 227 3607 1343 3674; baseline 0.001 -16"><span class='ocrx_word' id='word_1_325' title='bbox 227 3609 354 3674; x_wconf 84' lang='lat' dir='ltr'><strong><em>repetiuit,</em></strong></span> <span class='ocrx_word' id='word_1_326' title='bbox 381 3608 426 3659; x_wconf 84' lang='lat' dir='ltr'><strong><em>sut</em></strong></span> <span class='ocrx_word' id='word_1_327' title='bbox 448 3613 472 3658; x_wconf 85' lang='lat' dir='ltr'><strong><em>ct</em></strong></span> <span class='ocrx_word' id='word_1_328' title='bbox 496 3622 586 3658; x_wconf 91' lang='lat' dir='ltr'><strong><em>eorum</em></strong></span> <span class='ocrx_word' id='word_1_329' title='bbox 608 3607 737 3658; x_wconf 86' lang='lat' dir='ltr'><strong><em>nonnulla</em></strong></span> <span class='ocrx_word' id='word_1_330' title='bbox 759 3608 887 3673; x_wconf 89' lang='lat' dir='ltr'><strong><em>corrupit.</em></strong></span> <span class='ocrx_word' id='word_1_331' title='bbox 977 3608 1005 3674; x_wconf 87' lang='lat'><strong><em>6)</em></strong></span> <span class='ocrx_word' id='word_1_332' title='bbox 1020 3607 1161 3659; x_wconf 87' lang='lat' dir='ltr'><strong><em>Nonnulla</em></strong></span> <span class='ocrx_word' id='word_1_333' title='bbox 1179 3609 1208 3657; x_wconf 90' lang='lat' dir='ltr'><strong><em>iu</em></strong></span> <span class='ocrx_word' id='word_1_334' title='bbox 1226 3614 1343 3673; x_wconf 78' lang='lat' dir='ltr'><strong><em>utraque</em></strong></span> 
     </span>
     <span class='ocr_line' id='line_1_38' title="bbox 228 3676 1340 3746; baseline 0.003 -18"><span class='ocrx_word' id='word_1_335' title='bbox 228 3679 339 3729; x_wconf 85' lang='lat' dir='ltr'><strong><em>editione</em></strong></span> <span class='ocrx_word' id='word_1_336' title='bbox 355 3683 483 3744; x_wconf 87' lang='lat' dir='ltr'><strong><em>corrupto</em></strong></span> <span class='ocrx_word' id='word_1_337' title='bbox 500 3683 577 3743; x_wconf 86' lang='lat' dir='ltr'><strong><em>suut,</em></strong></span> <span class='ocrx_word' id='word_1_338' title='bbox 602 3684 632 3730; x_wconf 89' lang='lat' dir='ltr'><strong><em>ut</em></strong></span> <span class='ocrx_word' id='word_1_339' title='bbox 650 3676 685 3741; x_wconf 71' lang='lat' dir='ltr'><strong><em>ad</em></strong></span> <span class='ocrx_word' id='word_1_340' title='bbox 705 3676 792 3746; x_wconf 88' lang='lat' dir='ltr'><strong><em>(quid)</em></strong></span> <span class='ocrx_word' id='word_1_341' title='bbox 812 3678 880 3729; x_wconf 80' lang='lat' dir='ltr'><strong><em>uculo</em></strong></span> <span class='ocrx_word' id='word_1_342' title='bbox 898 3679 990 3730; x_wconf 81' lang='lat' dir='ltr'><strong><em>lutum</em></strong></span> <span class='ocrx_word' id='word_1_343' title='bbox 1008 3685 1045 3730; x_wconf 80' lang='lat' dir='ltr'><strong><em>est</em></strong></span> <span class='ocrx_word' id='word_1_344' title='bbox 1063 3678 1148 3746; x_wconf 81' lang='lat' dir='ltr'><strong><em>quod3</em></strong></span> <span class='ocrx_word' id='word_1_345' title='bbox 1173 3677 1246 3744; x_wconf 70' lang='lat' dir='ltr'><strong><em>dtus,</em></strong></span> <span class='ocrx_word' id='word_1_346' title='bbox 1270 3681 1340 3745; x_wconf 84' lang='lat' dir='ltr'><strong><em>quod</em></strong></span> 
     </span>
     <span class='ocr_line' id='line_1_39' title="bbox 229 3748 1341 3816; baseline 0.002 -16"><span class='ocrx_word' id='word_1_347' title='bbox 229 3755 265 3800; x_wconf 87' lang='lat' dir='ltr'><strong><em>est</em></strong></span> <span class='ocrx_word' id='word_1_348' title='bbox 289 3748 487 3816; x_wconf 78' lang='lat' dir='ltr'><strong><em>suprascriptus</em></strong></span> <span class='ocrx_word' id='word_1_349' title='bbox 512 3749 558 3813; x_wconf 82' lang='lat' dir='ltr'><strong><em>(cf.</em></strong></span> <span class='ocrx_word' id='word_1_350' title='bbox 585 3748 627 3803; x_wconf 87' lang='lat' dir='ltr'><strong><em>‘N.</em></strong></span> <span class='ocrx_word' id='word_1_351' title='bbox 645 3749 755 3800; x_wconf 79' lang='lat' dir='ltr'><strong><em>Archio’</em></strong></span> <span class='ocrx_word' id='word_1_352' title='bbox 773 3749 855 3815; x_wconf 86' lang='lat' dir='ltr'><strong><em>XVI,</em></strong></span> <span class='ocrx_word' id='word_1_353' title='bbox 876 3765 907 3815; x_wconf 93' lang='lat' dir='ltr'><strong><em>p.</em></strong></span> <span class='ocrx_word' id='word_1_354' title='bbox 926 3752 987 3813; x_wconf 81' lang='lat'><strong><em>505,</em></strong></span> <span class='ocrx_word' id='word_1_355' title='bbox 1013 3766 1039 3804; x_wconf 90' lang='lat' dir='ltr'><strong><em>u.</em></strong></span> <span class='ocrx_word' id='word_1_356' title='bbox 1055 3753 1095 3816; x_wconf 75' lang='lat'><strong><em>2),</em></strong></span> <span class='ocrx_word' id='word_1_357' title='bbox 1122 3751 1229 3815; x_wconf 88' lang='lat' dir='ltr'><strong><em>primus</em></strong></span> <span class='ocrx_word' id='word_1_358' title='bbox 1254 3752 1341 3802; x_wconf 85' lang='lat' dir='ltr'><strong><em>editor</em></strong></span> 
     </span>
     <span class='ocr_line' id='line_1_40' title="bbox 229 3818 1340 3887; baseline 0.003 -17"><span class='ocrx_word' id='word_1_359' title='bbox 229 3818 334 3886; x_wconf 76' lang='lat' dir='ltr'><strong><em>isleras,</em></strong></span> <span class='ocrx_word' id='word_1_360' title='bbox 352 3820 432 3871; x_wconf 79' lang='lat' dir='ltr'><strong><em>Portu</em></strong></span> <span class='ocrx_word' id='word_1_361' title='bbox 456 3818 522 3871; x_wconf 80' lang='lat' dir='ltr'><strong><em>istus</em></strong></span> <span class='ocrx_word' id='word_1_362' title='bbox 547 3820 616 3885; x_wconf 76' lang='lat' dir='ltr'><strong><em>lepit.</em></strong></span> <span class='ocrx_word' id='word_1_363' title='bbox 653 3820 705 3871; x_wconf 89' lang='lat' dir='ltr'><strong><em>Hic</em></strong></span> <span class='ocrx_word' id='word_1_364' title='bbox 729 3821 812 3871; x_wconf 90' lang='lat' dir='ltr'><strong><em>multo</em></strong></span> <span class='ocrx_word' id='word_1_365' title='bbox 836 3823 990 3873; x_wconf 89' lang='lat' dir='ltr'><strong><em>accuratius</em></strong></span> <span class='ocrx_word' id='word_1_366' title='bbox 1014 3820 1222 3887; x_wconf 79' lang='lat' dir='ltr'><strong><em>orthoprapbica</em></strong></span> <span class='ocrx_word' id='word_1_367' title='bbox 1245 3823 1340 3873; x_wconf 88' lang='lat' dir='ltr'><strong><em>codicis</em></strong></span> 
     </span>
     <span class='ocr_line' id='line_1_41' title="bbox 229 3890 1339 3959; baseline 0.003 -18"><span class='ocrx_word' id='word_1_368' title='bbox 229 3890 354 3942; x_wconf 86' lang='lat' dir='ltr'><strong><em>Parisiui</em></strong></span> <span class='ocrx_word' id='word_1_369' title='bbox 377 3893 514 3957; x_wconf 78' lang='lat' dir='ltr'><strong><em>inpressit,</em></strong></span> <span class='ocrx_word' id='word_1_370' title='bbox 538 3891 583 3942; x_wconf 86' lang='lat' dir='ltr'><strong><em>sed</em></strong></span> <span class='ocrx_word' id='word_1_371' title='bbox 607 3892 637 3941; x_wconf 91' lang='lat' dir='ltr'><strong><em>iu</em></strong></span> <span class='ocrx_word' id='word_1_372' title='bbox 662 3891 706 3942; x_wconf 83' lang='lat' dir='ltr'><strong><em>bis</em></strong></span> <span class='ocrx_word' id='word_1_373' title='bbox 727 3907 780 3943; x_wconf 90' lang='lat' dir='ltr'><strong><em>nou</em></strong></span> <span class='ocrx_word' id='word_1_374' title='bbox 803 3894 871 3943; x_wconf 70' lang='lat' dir='ltr'><strong><em>satis</em></strong></span> <span class='ocrx_word' id='word_1_375' title='bbox 894 3897 1018 3943; x_wconf 83' lang='lat' dir='ltr'><strong><em>constans</em></strong></span> <span class='ocrx_word' id='word_1_376' title='bbox 1042 3908 1125 3959; x_wconf 80' lang='lat' dir='ltr'><strong><em>neque</em></strong></span> <span class='ocrx_word' id='word_1_377' title='bbox 1142 3899 1256 3946; x_wconf 88' lang='lat' dir='ltr'><strong><em>attentus</em></strong></span> <span class='ocrx_word' id='word_1_378' title='bbox 1274 3894 1339 3957; x_wconf 78' lang='lat' dir='ltr'><strong><em>fuit,</em></strong></span> 
     </span>
     <span class='ocr_line' id='line_1_42' title="bbox 229 3959 1340 4031; baseline 0.002 -19"><span class='ocrx_word' id='word_1_379' title='bbox 229 3962 336 4027; x_wconf 77' lang='lat' dir='ltr'><strong><em>scripsit</em></strong></span> <span class='ocrx_word' id='word_1_380' title='bbox 353 3964 423 4013; x_wconf 91' lang='lat' dir='ltr'><strong><em>euim</em></strong></span> <span class='ocrx_word' id='word_1_381' title='bbox 441 3962 517 4013; x_wconf 89' lang='lat' dir='ltr'><strong><em>modo</em></strong></span> <span class='ocrx_word' id='word_1_382' title='bbox 535 3959 710 4030; x_wconf 82' lang='lat' dir='ltr'><strong><em>Lambardia,</em></strong></span> <span class='ocrx_word' id='word_1_383' title='bbox 729 3962 804 4014; x_wconf 90' lang='lat' dir='ltr'><strong><em>modo</em></strong></span> <span class='ocrx_word' id='word_1_384' title='bbox 821 3960 986 4031; x_wconf 80' lang='lat' dir='ltr'><strong><em>Lonbardis,</em></strong></span> <span class='ocrx_word' id='word_1_385' title='bbox 1005 3978 1064 4014; x_wconf 90' lang='lat' dir='ltr'><strong><em>cum</em></strong></span> <span class='ocrx_word' id='word_1_386' title='bbox 1081 3965 1162 4017; x_wconf 81' lang='lat' dir='ltr'><strong><em>eodan</em></strong></span> <span class='ocrx_word' id='word_1_387' title='bbox 1179 3966 1274 4031; x_wconf 82' lang='lat' dir='ltr'><strong><em>ubique</em></strong></span> <span class='ocrx_word' id='word_1_388' title='bbox 1291 3971 1340 4014; x_wconf 94' lang='lat' dir='ltr'><strong><em>aut</em></strong></span> 
     </span>
     <span class='ocr_line' id='line_1_43' title="bbox 230 4029 1344 4101; baseline 0.001 -18"><span class='ocrx_word' id='word_1_389' title='bbox 230 4029 388 4085; x_wconf 81' lang='lat' dir='ltr'><strong><em>Lonbacdia</em></strong></span> <span class='ocrx_word' id='word_1_390' title='bbox 406 4039 455 4085; x_wconf 90' lang='lat' dir='ltr'><strong><em>aut</em></strong></span> <span class='ocrx_word' id='word_1_391' title='bbox 472 4031 610 4084; x_wconf 74' lang='lat' dir='ltr'><strong><em>Lobardia</em></strong></span> <span class='ocrx_word' id='word_1_392' title='bbox 628 4033 736 4095; x_wconf 68' lang='lat' dir='ltr'><strong><em>natat·</em></strong></span> <span class='ocrx_word' id='word_1_393' title='bbox 760 4033 835 4086; x_wconf 90' lang='lat' dir='ltr'><strong><em>modo</em></strong></span> <span class='ocrx_word' id='word_1_394' title='bbox 854 4035 902 4101; x_wconf 85' lang='lat' dir='ltr'><strong><em>sel,</em></strong></span> <span class='ocrx_word' id='word_1_395' title='bbox 926 4035 1001 4087; x_wconf 91' lang='lat' dir='ltr'><strong><em>modo</em></strong></span> <span class='ocrx_word' id='word_1_396' title='bbox 1025 4034 1074 4087; x_wconf 78' lang='lat' dir='ltr'><strong><em>sed</em></strong></span> <span class='ocrx_word' id='word_1_397' title='bbox 1091 4037 1207 4101; x_wconf 78' lang='lat' dir='ltr'><strong><em>scripsit,</em></strong></span> <span class='ocrx_word' id='word_1_398' title='bbox 1232 4035 1276 4085; x_wconf 90' lang='lat' dir='ltr'><strong><em>scd</em></strong></span> <span class='ocrx_word' id='word_1_399' title='bbox 1294 4034 1344 4084; x_wconf 81' lang='lat' dir='ltr'><strong><em>ubi</em></strong></span> 
     </span>
     <span class='ocr_line' id='line_1_44' title="bbox 230 4103 1340 4172; baseline 0 -17"><span class='ocrx_word' id='word_1_400' title='bbox 230 4103 292 4156; x_wconf 82' lang='lat' dir='ltr'><strong><em>boec</em></strong></span> <span class='ocrx_word' id='word_1_401' title='bbox 310 4119 360 4156; x_wconf 84' lang='lat' dir='ltr'><strong><em>acu</em></strong></span> <span class='ocrx_word' id='word_1_402' title='bbox 376 4106 535 4171; x_wconf 84' lang='lat' dir='ltr'><strong><em>perscripta,</em></strong></span> <span class='ocrx_word' id='word_1_403' title='bbox 553 4118 607 4155; x_wconf 87' lang='lat' dir='ltr'><strong><em>uon</em></strong></span> <span class='ocrx_word' id='word_1_404' title='bbox 624 4105 776 4171; x_wconf 79' lang='lat' dir='ltr'><strong><em>compnrdio</em></strong></span> <span class='ocrx_word' id='word_1_405' title='bbox 790 4121 916 4172; x_wconf 71' lang='lat' dir='ltr'><strong><em>euperessa</em></strong></span> <span class='ocrx_word' id='word_1_406' title='bbox 928 4111 973 4172; x_wconf 89' lang='lat' dir='ltr'><strong><em>cst,</em></strong></span> <span class='ocrx_word' id='word_1_407' title='bbox 992 4107 1073 4158; x_wconf 81' lang='lat' dir='ltr'><strong><em>coelen</em></strong></span> <span class='ocrx_word' id='word_1_408' title='bbox 1084 4107 1179 4172; x_wconf 81' lang='lat' dir='ltr'><strong><em>ubique</em></strong></span> <span class='ocrx_word' id='word_1_409' title='bbox 1190 4104 1237 4157; x_wconf 85' lang='lat' dir='ltr'><strong><em>sed</em></strong></span> <span class='ocrx_word' id='word_1_410' title='bbox 1248 4103 1340 4166; x_wconf 80' lang='lat' dir='ltr'><strong><em>habet,-</em></strong></span> 
     </span>
     <span class='ocr_line' id='line_1_45' title="bbox 232 4173 1340 4243; baseline 0.001 -17"><span class='ocrx_word' id='word_1_411' title='bbox 232 4174 275 4227; x_wconf 68' lang='lat' dir='ltr'><strong><em>co‘1</em></strong></span> <span class='ocrx_word' id='word_1_412' title='bbox 292 4176 385 4226; x_wconf 87' lang='lat' dir='ltr'><strong><em>codicis</em></strong></span> <span class='ocrx_word' id='word_1_413' title='bbox 397 4175 472 4227; x_wconf 92' lang='lat' dir='ltr'><strong><em>modo</em></strong></span> <span class='ocrx_word' id='word_1_414' title='bbox 485 4174 631 4243; x_wconf 87' lang='lat' dir='ltr'><strong><em>communi,</em></strong></span> <span class='ocrx_word' id='word_1_415' title='bbox 643 4177 719 4228; x_wconf 90' lang='lat' dir='ltr'><strong><em>mocio</em></strong></span> <span class='ocrx_word' id='word_1_416' title='bbox 731 4173 840 4228; x_wconf 89' lang='lat' dir='ltr'><strong><em>comuni</em></strong></span> <span class='ocrx_word' id='word_1_417' title='bbox 852 4176 949 4240; x_wconf 83' lang='lat' dir='ltr'><strong><em>(falso)</em></strong></span> <span class='ocrx_word' id='word_1_418' title='bbox 961 4179 1092 4243; x_wconf 74' lang='lat' dir='ltr'><strong><em>cuprasio</em></strong></span> <span class='ocrx_word' id='word_1_419' title='bbox 1102 4177 1188 4230; x_wconf 79' lang='lat' dir='ltr'><strong><em>Parte.</em></strong></span> <span class='ocrx_word' id='word_1_420' title='bbox 1220 4175 1340 4227; x_wconf 91' lang='lat' dir='ltr'><strong><em>Dubiam</em></strong></span> 
     </span>
     <span class='ocr_line' id='line_1_46' title="bbox 231 4245 1341 4314; baseline 0.003 -16"><span class='ocrx_word' id='word_1_421' title='bbox 231 4252 275 4311; x_wconf 89' lang='lat' dir='ltr'><strong><em>cst,</em></strong></span> <span class='ocrx_word' id='word_1_422' title='bbox 291 4262 356 4296; x_wconf 87' lang='lat' dir='ltr'><strong><em>num</em></strong></span> <span class='ocrx_word' id='word_1_423' title='bbox 371 4246 465 4298; x_wconf 87' lang='lat' dir='ltr'><strong><em>codicis</em></strong></span> <span class='ocrx_word' id='word_1_424' title='bbox 483 4245 533 4298; x_wconf 74' lang='lat' dir='ltr'><strong><em>d1&#39;1s</em></strong></span> <span class='ocrx_word' id='word_1_425' title='bbox 551 4247 686 4312; x_wconf 80' lang='lat' dir='ltr'><strong><em>lapendum</em></strong></span> <span class='ocrx_word' id='word_1_426' title='bbox 701 4248 737 4298; x_wconf 88' lang='lat' dir='ltr'><strong><em>sit</em></strong></span> <span class='ocrx_word' id='word_1_427' title='bbox 755 4245 882 4299; x_wconf 88' lang='lat' dir='ltr'><strong><em>dominus</em></strong></span> <span class='ocrx_word' id='word_1_428' title='bbox 895 4261 932 4299; x_wconf 91' lang='lat' dir='ltr'><strong><em>au</em></strong></span> <span class='ocrx_word' id='word_1_429' title='bbox 949 4247 1073 4314; x_wconf 83' lang='lat' dir='ltr'><strong><em>domnus,</em></strong></span> <span class='ocrx_word' id='word_1_430' title='bbox 1091 4254 1122 4298; x_wconf 90' lang='lat' dir='ltr'><strong><em>ut</em></strong></span> <span class='ocrx_word' id='word_1_431' title='bbox 1133 4248 1211 4299; x_wconf 77' lang='lat' dir='ltr'><strong><em>Pate</em></strong></span> <span class='ocrx_word' id='word_1_432' title='bbox 1223 4249 1341 4313; x_wconf 78' lang='lat' dir='ltr'><strong><em>scripsit.</em></strong></span> 
     </span>
     <span class='ocr_line' id='line_1_47' title="bbox 231 4316 1341 4439; baseline 0.002 -72"><span class='ocrx_word' id='word_1_433' title='bbox 231 4317 363 4439; x_wconf 50' lang='lat' dir='ltr'><strong><em>{egdorem</em></strong></span> <span class='ocrx_word' id='word_1_434' title='bbox 384 4333 413 4383; x_wconf 89' lang='lat' dir='ltr'><strong><em>p.</em></strong></span> <span class='ocrx_word' id='word_1_435' title='bbox 427 4320 469 4383; x_wconf 81' lang='lat'><strong><em>13,</em></strong></span> <span class='ocrx_word' id='word_1_436' title='bbox 488 4318 504 4372; x_wconf 91' lang='lat' dir='ltr'><strong><em>l.</em></strong></span> <span class='ocrx_word' id='word_1_437' title='bbox 519 4321 560 4373; x_wconf 89' lang='lat'><strong><em>10.</em></strong></span> <span class='ocrx_word' id='word_1_438' title='bbox 579 4320 609 4368; x_wconf 90' lang='lat' dir='ltr'><strong><em>iu</em></strong></span> <span class='ocrx_word' id='word_1_439' title='bbox 633 4319 716 4370; x_wconf 82' lang='lat' dir='ltr'><strong><em>codice</em></strong></span> <span class='ocrx_word' id='word_1_440' title='bbox 730 4320 909 4386; x_wconf 76' lang='lat' dir='ltr'><strong><em>perscriptum</em></strong></span> <span class='ocrx_word' id='word_1_441' title='bbox 933 4321 969 4370; x_wconf 88' lang='lat' dir='ltr'><strong><em>sit</em></strong></span> <span class='ocrx_word' id='word_1_442' title='bbox 987 4317 1126 4371; x_wconf 82' lang='lat' dir='ltr'><strong><em>dominam</em></strong></span> <span class='ocrx_word' id='word_1_443' title='bbox 1144 4316 1341 4384; x_wconf 78' lang='lat' dir='ltr'><strong><em>Constantiam,</em></strong></span> 
     </span>
     <span class='ocr_line' id='line_1_48' title="bbox 231 4403 405 4456; baseline 0.017 -18"><span class='ocrx_word' id='word_1_444' title='bbox 231 4405 242 4438; x_wconf 82' lang='lat' dir='ltr'><strong><em>i</em></strong></span> <span class='ocrx_word' id='word_1_445' title='bbox 313 4403 405 4456; x_wconf 82' lang='lat' dir='ltr'><strong><em>recept.</em></strong></span> 
     </span>
    </p>
   </div>
   <div class='ocr_carea' id='block_1_4' title="bbox 0 0 1496 4936">
    <p class='ocr_par' dir='ltr' id='par_1_4' title="bbox 0 0 1496 4936">
     <span class='ocr_line' id='line_1_49' title="bbox 0 0 1496 4936; baseline 0 0"><span class='ocrx_word' id='word_1_446' title='bbox 0 0 1496 4936; x_wconf 95' lang='lat' dir='ltr'><strong><em> </em></strong></span> 
     </span>
    </p>
   </div>
  </div>
 </body>
</html>
