<?xml version="1.0" encoding="UTF-8"?>
<!DOCTYPE html PUBLIC "-//W3C//DTD XHTML 1.0 Transitional//EN"
    "http://www.w3.org/TR/xhtml1/DTD/xhtml1-transitional.dtd">
<html xmlns="http://www.w3.org/1999/xhtml" xml:lang="en" lang="en">
 <head>
  <title>
</title>
<meta http-equiv="Content-Type" content="text/html;charset=utf-8" />
  <meta name='ocr-system' content='tesseract 3.04.00' />
  <meta name='ocr-capabilities' content='ocr_page ocr_carea ocr_par ocr_line ocrx_word'/>
</head>
<body>
  <div class='ocr_page' id='page_1' title='image "./iohanniscodagne00codagoog_0098.png"; bbox 0 0 2962 4936; ppageno 0'>
   <div class='ocr_carea' id='block_1_1' title="bbox 263 453 1272 511">
    <p class='ocr_par' dir='ltr' id='par_1_1' title="bbox 263 453 1272 511">
     <span class='ocr_line' id='line_1_1' title="bbox 263 453 1272 511; baseline 0.002 -2"><span class='ocrx_word' id='word_1_1' title='bbox 263 453 454 510; x_wconf 82' lang='lat' dir='ltr'>IOHANNIS</span> <span class='ocrx_word' id='word_1_2' title='bbox 472 454 720 511; x_wconf 79' lang='lat' dir='ltr'><strong>OODAGNELLI</strong></span> <span class='ocrx_word' id='word_1_3' title='bbox 738 453 918 508; x_wconf 80' lang='lat' dir='ltr'>ANNALES</span> <span class='ocrx_word' id='word_1_4' title='bbox 937 454 972 509; x_wconf 88' lang='lat' dir='ltr'><strong>A.</strong></span> <span class='ocrx_word' id='word_1_5' title='bbox 987 457 1064 510; x_wconf 77' lang='lat'>1219.</span> <span class='ocrx_word' id='word_1_6' title='bbox 1085 457 1161 511; x_wconf 76' lang='lat'>1220.</span> <span class='ocrx_word' id='word_1_7' title='bbox 1236 457 1272 511; x_wconf 88' lang='grc'><strong>69</strong></span> 
     </span>
    </p>
   </div>
   <div class='ocr_carea' id='block_1_2' title="bbox 150 636 1370 980">
    <p class='ocr_par' dir='ltr' id='par_1_2' title="bbox 150 636 1370 980">
     <span class='ocr_line' id='line_1_2' title="bbox 150 636 1370 724; baseline -0.007 -21"><span class='ocrx_word' id='word_1_8' title='bbox 150 639 236 703; x_wconf 88' lang='lat' dir='ltr'><strong>tatis</strong></span> <span class='ocrx_word' id='word_1_9' title='bbox 259 639 379 724; x_wconf 89' lang='lat' dir='ltr'><strong>populi</strong></span> <span class='ocrx_word' id='word_1_10' title='bbox 403 641 440 703; x_wconf 93' lang='lat' dir='ltr'><strong>in</strong></span> <span class='ocrx_word' id='word_1_11' title='bbox 463 639 559 704; x_wconf 87' lang='lat' dir='ltr'><strong>brevi</strong></span> <span class='ocrx_word' id='word_1_12' title='bbox 582 638 771 703; x_wconf 88' lang='lat' dir='ltr'><strong>communis</strong></span> <span class='ocrx_word' id='word_1_13' title='bbox 795 657 868 702; x_wconf 90' lang='lat' dir='ltr'><strong>esse</strong></span> <span class='ocrx_word' id='word_1_14' title='bbox 885 637 1077 700; x_wconf 74' lang='lat' dir='ltr'><strong>mittendaa</strong></span> <span class='ocrx_word' id='word_1_15' title='bbox 1097 636 1270 714; x_wconf 87' lang='lat' dir='ltr'><strong>volebant,</strong></span> <span class='ocrx_word' id='word_1_16' title='bbox 1292 644 1370 697; x_wconf 81' lang='lat'>1219.</span> 
     </span>
     <span class='ocr_line' id='line_1_3' title="bbox 152 719 1270 812; baseline -0.002 -22"><span class='ocrx_word' id='word_1_17' title='bbox 152 748 219 812; x_wconf 87' lang='lat' dir='ltr'><strong>que</strong></span> <span class='ocrx_word' id='word_1_18' title='bbox 265 728 453 811; x_wconf 90' lang='lat' dir='ltr'><strong>plurimum</strong></span> <span class='ocrx_word' id='word_1_19' title='bbox 499 727 713 812; x_wconf 88' lang='lat' dir='ltr'><strong>dispicienda</strong></span> <span class='ocrx_word' id='word_1_20' title='bbox 753 719 928 810; x_wconf 70' lang='lat' dir='ltr'><strong>[militesb]</strong></span> <span class='ocrx_word' id='word_1_21' title='bbox 969 725 1270 803; x_wconf 89' lang='lat' dir='ltr'><strong>contradicebant;</strong></span> 
     </span>
     <span class='ocr_line' id='line_1_4' title="bbox 151 814 1272 900; baseline -0.002 -20"><span class='ocrx_word' id='word_1_22' title='bbox 151 838 270 881; x_wconf 84' lang='lat' dir='ltr'><strong>verum</strong></span> <span class='ocrx_word' id='word_1_23' title='bbox 301 817 382 900; x_wconf 91' lang='lat' dir='ltr'><strong>quia</strong></span> <span class='ocrx_word' id='word_1_24' title='bbox 410 817 465 880; x_wconf 95' lang='lat' dir='ltr'><strong>illi</strong></span> <span class='ocrx_word' id='word_1_25' title='bbox 496 817 538 882; x_wconf 91' lang='lat' dir='ltr'><strong>de</strong></span> <span class='ocrx_word' id='word_1_26' title='bbox 568 816 697 900; x_wconf 93' lang='lat' dir='ltr'><strong>populo</strong></span> <span class='ocrx_word' id='word_1_27' title='bbox 721 815 993 879; x_wconf 90' lang='lat' dir='ltr'><strong>coniurationem</strong></span> <span class='ocrx_word' id='word_1_28' title='bbox 1016 814 1157 878; x_wconf 82' lang='lat' dir='ltr'><strong>insimul</strong></span> <span class='ocrx_word' id='word_1_29' title='bbox 1184 814 1272 878; x_wconf 82' lang='lat' dir='ltr'><strong>fece·</strong></span> 
     </span>
     <span class='ocr_line' id='line_1_5' title="bbox 151 903 1272 980; baseline -0.002 -12"><span class='ocrx_word' id='word_1_30' title='bbox 151 909 230 970; x_wconf 89' lang='lat' dir='ltr'><strong>rant</strong></span> <span class='ocrx_word' id='word_1_31' title='bbox 261 908 298 970; x_wconf 90' lang='lat' dir='ltr'><strong>et</strong></span> <span class='ocrx_word' id='word_1_32' title='bbox 320 906 516 970; x_wconf 81' lang='lat' dir='ltr'><strong>omnimode</strong></span> <span class='ocrx_word' id='word_1_33' title='bbox 547 905 716 968; x_wconf 79' lang='lat' dir='ltr'><strong>militibus</strong></span> <span class='ocrx_word' id='word_1_34' title='bbox 740 904 1033 980; x_wconf 79' lang='lat' dir='ltr'><strong>contradicebant,</strong></span> <span class='ocrx_word' id='word_1_35' title='bbox 1066 923 1184 968; x_wconf 91' lang='lat' dir='ltr'><strong>omnes</strong></span> <span class='ocrx_word' id='word_1_36' title='bbox 1207 903 1272 967; x_wconf 84' lang='lat' dir='ltr'><strong>viri</strong></span> 
     </span>
    </p>
   </div>
   <div class='ocr_carea' id='block_1_3' title="bbox 115 992 1429 1173">
    <p class='ocr_par' dir='ltr' id='par_1_3' title="bbox 115 992 1429 1173">
     <span class='ocr_line' id='line_1_6' title="bbox 115 992 1271 1078; baseline -0.004 -20"><span class='ocrx_word' id='word_1_37' title='bbox 115 1020 129 1058; x_wconf 72' lang='lat' dir='ltr'><strong>a</strong></span> <span class='ocrx_word' id='word_1_38' title='bbox 151 994 285 1059; x_wconf 90' lang='lat' dir='ltr'><strong>nobiles</strong></span> <span class='ocrx_word' id='word_1_39' title='bbox 302 998 338 1060; x_wconf 88' lang='lat' dir='ltr'><strong>et</strong></span> <span class='ocrx_word' id='word_1_40' title='bbox 361 997 521 1078; x_wconf 91' lang='lat' dir='ltr'><strong>potentes</strong></span> <span class='ocrx_word' id='word_1_41' title='bbox 545 994 695 1058; x_wconf 87' lang='lat' dir='ltr'><strong>civitatis</strong></span> <span class='ocrx_word' id='word_1_42' title='bbox 712 992 890 1057; x_wconf 91' lang='lat' dir='ltr'><strong>Placentie</strong></span> <span class='ocrx_word' id='word_1_43' title='bbox 910 1012 945 1056; x_wconf 90' lang='lat' dir='ltr'><strong>se</strong></span> <span class='ocrx_word' id='word_1_44' title='bbox 970 993 1271 1056; x_wconf 85' lang='lat' dir='ltr'><strong>confirmaverunt.</strong></span> 
     </span>
     <span class='ocr_line' id='line_1_7' title="bbox 258 1062 1429 1173; baseline 0 -27"><span class='ocrx_word' id='word_1_45' title='bbox 258 1081 434 1148; x_wconf 83' lang='lat' dir='ltr'><strong>mccxx.</strong></span> <span class='ocrx_word' id='word_1_46' title='bbox 466 1085 508 1148; x_wconf 77' lang='lat' dir='ltr'><strong>se</strong></span> <span class='ocrx_word' id='word_1_47' title='bbox 539 1082 713 1147; x_wconf 76' lang='lat' dir='ltr'><strong>mensibus</strong></span> <span class='ocrx_word' id='word_1_48' title='bbox 743 1081 861 1156; x_wconf 71' lang='lat' dir='ltr'><strong>nasia,</strong></span> <span class='ocrx_word' id='word_1_49' title='bbox 897 1080 993 1144; x_wconf 78' lang='lat' dir='ltr'><strong>runa</strong></span> <span class='ocrx_word' id='word_1_50' title='bbox 1020 1084 1056 1145; x_wconf 75' lang='lat' dir='ltr'><strong>a</strong></span> <span class='ocrx_word' id='word_1_51' title='bbox 1085 1080 1170 1143; x_wconf 79' lang='lat' dir='ltr'><strong>rum</strong></span> <span class='ocrx_word' id='word_1_52' title='bbox 1198 1081 1272 1146; x_wconf 73' lang='lat' dir='ltr'><strong>fere</strong></span> <span class='ocrx_word' id='word_1_53' title='bbox 1291 1062 1429 1173; x_wconf 43' lang='lat'><strong>3394,</strong></span> 
     </span>
    </p>
   </div>
   <div class='ocr_carea' id='block_1_4' title="bbox 102 1169 1401 3920">
    <p class='ocr_par' dir='ltr' id='par_1_4' title="bbox 150 1169 1272 1414">
     <span class='ocr_line' id='line_1_8' title="bbox 150 1169 1272 1236; baseline -0.002 0"><span class='ocrx_word' id='word_1_54' title='bbox 150 1191 270 1236; x_wconf 89' lang='lat' dir='ltr'><strong>omnes</strong></span> <span class='ocrx_word' id='word_1_55' title='bbox 293 1172 422 1236; x_wconf 80' lang='lat' dir='ltr'><strong>milites</strong></span> <span class='ocrx_word' id='word_1_56' title='bbox 445 1172 623 1236; x_wconf 89' lang='lat' dir='ltr'><strong>Placentie</strong></span> <span class='ocrx_word' id='word_1_57' title='bbox 654 1174 751 1235; x_wconf 86' lang='lat' dir='ltr'><strong>extra</strong></span> <span class='ocrx_word' id='word_1_58' title='bbox 774 1169 952 1233; x_wconf 88' lang='lat' dir='ltr'><strong>Placentie</strong></span> <span class='ocrx_word' id='word_1_59' title='bbox 983 1170 1160 1234; x_wconf 87' lang='lat' dir='ltr'><strong>civitatem</strong></span> <span class='ocrx_word' id='word_1_60' title='bbox 1186 1171 1272 1234; x_wconf 83' lang='lat' dir='ltr'><strong>exie·</strong></span> 
     </span>
     <span class='ocr_line' id='line_1_9' title="bbox 150 1258 1271 1345; baseline 0 -22"><span class='ocrx_word' id='word_1_61' title='bbox 150 1265 234 1324; x_wconf 90' lang='lat' dir='ltr'><strong>runt</strong></span> <span class='ocrx_word' id='word_1_62' title='bbox 257 1263 294 1325; x_wconf 90' lang='lat' dir='ltr'><strong>et</strong></span> <span class='ocrx_word' id='word_1_63' title='bbox 316 1281 378 1345; x_wconf 90' lang='lat' dir='ltr'><strong>per</strong></span> <span class='ocrx_word' id='word_1_64' title='bbox 401 1264 523 1336; x_wconf 88' lang='lat' dir='ltr'><strong>castra,</strong></span> <span class='ocrx_word' id='word_1_65' title='bbox 548 1260 625 1325; x_wconf 89' lang='lat' dir='ltr'><strong>loca</strong></span> <span class='ocrx_word' id='word_1_66' title='bbox 648 1263 683 1324; x_wconf 88' lang='lat' dir='ltr'><strong>et</strong></span> <span class='ocrx_word' id='word_1_67' title='bbox 706 1259 806 1323; x_wconf 90' lang='lat' dir='ltr'><strong>villas</strong></span> <span class='ocrx_word' id='word_1_68' title='bbox 822 1258 999 1323; x_wconf 89' lang='lat' dir='ltr'><strong>Placentie</strong></span> <span class='ocrx_word' id='word_1_69' title='bbox 1024 1258 1202 1323; x_wconf 90' lang='lat' dir='ltr'><strong>districtus</strong></span> <span class='ocrx_word' id='word_1_70' title='bbox 1227 1259 1271 1323; x_wconf 90' lang='lat' dir='ltr'><strong>ad</strong></span> 
     </span>
     <span class='ocr_line' id='line_1_10' title="bbox 150 1348 573 1414; baseline -0.002 -1"><span class='ocrx_word' id='word_1_71' title='bbox 150 1350 380 1414; x_wconf 91' lang='lat' dir='ltr'><strong>habitandum</strong></span> <span class='ocrx_word' id='word_1_72' title='bbox 403 1350 543 1414; x_wconf 90' lang='lat' dir='ltr'><strong>iverunt</strong></span> <span class='ocrx_word' id='word_1_73' title='bbox 552 1348 573 1411; x_wconf 85' lang='lat'><strong>¹.</strong></span> 
     </span>
    </p>

    <p class='ocr_par' dir='ltr' id='par_1_5' title="bbox 107 1436 1387 1877">
     <span class='ocr_line' id='line_1_11' title="bbox 107 1436 1348 1520; baseline -0.001 -18"><span class='ocrx_word' id='word_1_74' title='bbox 107 1465 133 1502; x_wconf 75' lang='grc' dir='ltr'><strong>ιο</strong></span> <span class='ocrx_word' id='word_1_75' title='bbox 257 1437 389 1503; x_wconf 79' lang='lat' dir='ltr'><strong>Eodem</strong></span> <span class='ocrx_word' id='word_1_76' title='bbox 420 1458 511 1502; x_wconf 89' lang='lat' dir='ltr'><strong>anno</strong></span> <span class='ocrx_word' id='word_1_77' title='bbox 542 1439 584 1503; x_wconf 90' lang='lat' dir='ltr'><strong>de</strong></span> <span class='ocrx_word' id='word_1_78' title='bbox 616 1458 731 1502; x_wconf 90' lang='lat' dir='ltr'><strong>mense</strong></span> <span class='ocrx_word' id='word_1_79' title='bbox 755 1436 950 1519; x_wconf 83' lang='lat' dir='ltr'><strong>Septembri</strong></span> <span class='ocrx_word' id='word_1_80' title='bbox 973 1436 1142 1520; x_wconf 84' lang='lat' dir='ltr'><strong>Rogerius</strong></span> <span class='ocrx_word' id='word_1_81' title='bbox 1166 1436 1271 1500; x_wconf 82' lang='lat' dir='ltr'><strong>Fede-</strong></span> <span class='ocrx_word' id='word_1_82' title='bbox 1291 1461 1348 1511; x_wconf 76' lang='lat' dir='ltr'><strong>Sept.</strong></span> 
     </span>
     <span class='ocr_line' id='line_1_12' title="bbox 150 1525 1270 1610; baseline -0.003 -20"><span class='ocrx_word' id='word_1_83' title='bbox 150 1527 242 1591; x_wconf 87' lang='lat' dir='ltr'><strong>ricus</strong></span> <span class='ocrx_word' id='word_1_84' title='bbox 256 1526 491 1591; x_wconf 85' lang='lat' dir='ltr'><strong>Romanorum</strong></span> <span class='ocrx_word' id='word_1_85' title='bbox 513 1547 574 1591; x_wconf 84' lang='lat' dir='ltr'><strong>rex</strong></span> <span class='ocrx_word' id='word_1_86' title='bbox 598 1527 708 1610; x_wconf 90' lang='lat' dir='ltr'><strong>primo</strong></span> <span class='ocrx_word' id='word_1_87' title='bbox 731 1525 875 1589; x_wconf 83' lang='lat' dir='ltr'><strong>intravit</strong></span> <span class='ocrx_word' id='word_1_88' title='bbox 898 1529 934 1589; x_wconf 88' lang='lat' dir='ltr'><strong>et</strong></span> <span class='ocrx_word' id='word_1_89' title='bbox 949 1525 1045 1588; x_wconf 85' lang='lat' dir='ltr'><strong>venit</strong></span> <span class='ocrx_word' id='word_1_90' title='bbox 1068 1525 1105 1588; x_wconf 92' lang='lat' dir='ltr'><strong>in</strong></span> <span class='ocrx_word' id='word_1_91' title='bbox 1121 1525 1270 1588; x_wconf 86' lang='lat' dir='ltr'><strong>Loubar-</strong></span> 
     </span>
     <span class='ocr_line' id='line_1_13' title="bbox 151 1613 1271 1699; baseline -0.003 -19"><span class='ocrx_word' id='word_1_92' title='bbox 151 1616 254 1692; x_wconf 87' lang='lat' dir='ltr'><strong>diam,</strong></span> <span class='ocrx_word' id='word_1_93' title='bbox 290 1616 429 1699; x_wconf 89' lang='lat' dir='ltr'><strong>quando</strong></span> <span class='ocrx_word' id='word_1_94' title='bbox 463 1615 537 1679; x_wconf 88' lang='lat' dir='ltr'><strong>ibat</strong></span> <span class='ocrx_word' id='word_1_95' title='bbox 566 1616 711 1679; x_wconf 83' lang='lat' dir='ltr'><strong>Romam</strong></span> <span class='ocrx_word' id='word_1_96' title='bbox 744 1635 806 1698; x_wconf 89' lang='lat' dir='ltr'><strong>pro</strong></span> <span class='ocrx_word' id='word_1_97' title='bbox 837 1634 962 1677; x_wconf 89' lang='lat' dir='ltr'><strong>corona</strong></span> <span class='ocrx_word' id='word_1_98' title='bbox 992 1613 1153 1678; x_wconf 89' lang='lat' dir='ltr'><strong>habenda</strong></span> <span class='ocrx_word' id='word_1_99' title='bbox 1183 1617 1219 1678; x_wconf 89' lang='lat' dir='ltr'><strong>et</strong></span> <span class='ocrx_word' id='word_1_100' title='bbox 1250 1635 1271 1677; x_wconf 88' lang='lat' dir='ltr'><strong>a</strong></span> 
     </span>
     <span class='ocr_line' id='line_1_14' title="bbox 149 1692 1387 1789; baseline -0.002 -22"><span class='ocrx_word' id='word_1_101' title='bbox 149 1724 284 1769; x_wconf 88' lang='lat' dir='ltr'><strong>summo</strong></span> <span class='ocrx_word' id='word_1_102' title='bbox 308 1706 471 1789; x_wconf 91' lang='lat' dir='ltr'><strong>pontifice</strong></span> <span class='ocrx_word' id='word_1_103' title='bbox 494 1705 702 1788; x_wconf 90' lang='lat' dir='ltr'><strong>recipienda.</strong></span> <span class='ocrx_word' id='word_1_104' title='bbox 740 1703 820 1767; x_wconf 84' lang='lat' dir='ltr'><strong>*Die</strong></span> <span class='ocrx_word' id='word_1_105' title='bbox 845 1703 1018 1767; x_wconf 90' lang='lat' dir='ltr'><strong>dominica</strong></span> <span class='ocrx_word' id='word_1_106' title='bbox 1040 1704 1084 1766; x_wconf 89' lang='lat' dir='ltr'><strong>X.</strong></span> <span class='ocrx_word' id='word_1_107' title='bbox 1101 1702 1180 1766; x_wconf 87' lang='lat' dir='ltr'><strong>Kal.</strong></span> <span class='ocrx_word' id='word_1_108' title='bbox 1206 1703 1270 1766; x_wconf 92' lang='lat' dir='ltr'><strong>De·</strong></span> <span class='ocrx_word' id='word_1_109' title='bbox 1289 1692 1387 1788; x_wconf 39' lang='lat' dir='ltr'><strong>{532⁰ss</strong></span> 
     </span>
     <span class='ocr_line' id='line_1_15' title="bbox 150 1791 1271 1877; baseline -0.004 -19"><span class='ocrx_word' id='word_1_110' title='bbox 150 1793 297 1858; x_wconf 85' lang='lat' dir='ltr'><strong>cembris</strong></span> <span class='ocrx_word' id='word_1_111' title='bbox 320 1795 487 1877; x_wconf 81' lang='lat' dir='ltr'><strong>proximi⁰</strong></span> <span class='ocrx_word' id='word_1_112' title='bbox 516 1794 675 1858; x_wconf 85' lang='lat' dir='ltr'><strong>dominus</strong></span> <span class='ocrx_word' id='word_1_113' title='bbox 691 1792 876 1856; x_wconf 77' lang='lat' dir='ltr'><strong>Federicus</strong></span> <span class='ocrx_word' id='word_1_114' title='bbox 893 1796 1077 1856; x_wconf 88' lang='lat' dir='ltr'><strong>coronatus</strong></span> <span class='ocrx_word' id='word_1_115' title='bbox 1095 1792 1166 1854; x_wconf 82' lang='lat' dir='ltr'><strong>fuit</strong></span> <span class='ocrx_word' id='word_1_116' title='bbox 1187 1791 1271 1856; x_wconf 78' lang='lat' dir='ltr'><strong>rex²</strong></span> 
     </span>
    </p>

    <p class='ocr_par' dir='ltr' id='par_1_6' title="bbox 105 1881 1184 1965">
     <span class='ocr_line' id='line_1_16' title="bbox 105 1881 1184 1965; baseline -0.005 -18"><span class='ocrx_word' id='word_1_117' title='bbox 105 1908 132 1947; x_wconf 78' lang='lat' dir='ltr'><strong>rs</strong></span> <span class='ocrx_word' id='word_1_118' title='bbox 148 1882 382 1947; x_wconf 83' lang='lat' dir='ltr'><strong>Romanorum</strong></span> <span class='ocrx_word' id='word_1_119' title='bbox 408 1904 428 1946; x_wconf 94' lang='lat' dir='ltr'><strong>a</strong></span> <span class='ocrx_word' id='word_1_120' title='bbox 451 1903 584 1946; x_wconf 92' lang='lat' dir='ltr'><strong>summo</strong></span> <span class='ocrx_word' id='word_1_121' title='bbox 607 1882 770 1965; x_wconf 87' lang='lat' dir='ltr'><strong>pontifice</strong></span> <span class='ocrx_word' id='word_1_122' title='bbox 793 1881 830 1943; x_wconf 93' lang='lat' dir='ltr'><strong>in</strong></span> <span class='ocrx_word' id='word_1_123' title='bbox 855 1881 996 1945; x_wconf 86' lang='lat' dir='ltr'><strong>civitate</strong></span> <span class='ocrx_word' id='word_1_124' title='bbox 1018 1881 1184 1945; x_wconf 85' lang='lat' dir='ltr'><strong>Romana.</strong></span> 
     </span>
    </p>

    <p class='ocr_par' dir='ltr' id='par_1_7' title="bbox 178 1966 1401 2053">
     <span class='ocr_line' id='line_1_17' title="bbox 178 1966 1401 2053; baseline 0.001 -19"><span class='ocrx_word' id='word_1_125' title='bbox 178 2012 183 2019; x_wconf 90' lang='lat'>·</span> <span class='ocrx_word' id='word_1_126' title='bbox 257 1966 475 2036; x_wconf 65' lang='lat' dir='ltr'>MOOXXN</span> <span class='ocrx_word' id='word_1_127' title='bbox 510 1972 566 2036; x_wconf 90' lang='lat' dir='ltr'><strong>die</strong></span> <span class='ocrx_word' id='word_1_128' title='bbox 588 1971 711 2034; x_wconf 88' lang='lat' dir='ltr'><strong>Martis</strong></span> <span class='ocrx_word' id='word_1_129' title='bbox 736 1970 798 2032; x_wconf 92' lang='lat' dir='ltr'><strong>IX.</strong></span> <span class='ocrx_word' id='word_1_130' title='bbox 823 1969 904 2033; x_wconf 89' lang='lat' dir='ltr'><strong>Kal.</strong></span> <span class='ocrx_word' id='word_1_131' title='bbox 933 1970 1072 2053; x_wconf 79' lang='lat' dir='ltr'><strong>Aprilis,</strong></span> <span class='ocrx_word' id='word_1_132' title='bbox 1105 1991 1183 2035; x_wconf 93' lang='lat' dir='ltr'><strong>cum</strong></span> <span class='ocrx_word' id='word_1_133' title='bbox 1213 1971 1270 2032; x_wconf 92' lang='lat' dir='ltr'><strong>ho·</strong></span> <span class='ocrx_word' id='word_1_134' title='bbox 1290 1995 1401 2038; x_wconf 60' lang='lat' dir='ltr'><strong>arnan.</strong></span> 
     </span>
    </p>

    <p class='ocr_par' dir='ltr' id='par_1_8' title="bbox 148 2059 1270 2321">
     <span class='ocr_line' id='line_1_18' title="bbox 148 2059 1270 2145; baseline -0.003 -22"><span class='ocrx_word' id='word_1_135' title='bbox 148 2060 260 2124; x_wconf 92' lang='lat' dir='ltr'><strong>mines</strong></span> <span class='ocrx_word' id='word_1_136' title='bbox 281 2060 481 2145; x_wconf 80' lang='lat' dir='ltr'><strong>Rivalgarii,</strong></span> <span class='ocrx_word' id='word_1_137' title='bbox 513 2060 572 2144; x_wconf 90' lang='lat' dir='ltr'><strong>qui</strong></span> <span class='ocrx_word' id='word_1_138' title='bbox 602 2060 693 2143; x_wconf 87' lang='lat' dir='ltr'><strong>parti</strong></span> <span class='ocrx_word' id='word_1_139' title='bbox 716 2059 856 2142; x_wconf 80' lang='lat' dir='ltr'><strong>populi⁰</strong></span> <span class='ocrx_word' id='word_1_140' title='bbox 884 2059 1059 2136; x_wconf 81' lang='lat' dir='ltr'><strong>favebant,</strong></span> <span class='ocrx_word' id='word_1_141' title='bbox 1089 2061 1270 2123; x_wconf 82' lang='lat' dir='ltr'><strong>crederent</strong></span> 
     </span>
     <span class='ocr_line' id='line_1_19' title="bbox 148 2147 1269 2232; baseline -0.003 -20"><span class='ocrx_word' id='word_1_142' title='bbox 148 2152 187 2213; x_wconf 91' lang='lat' dir='ltr'><strong>et</strong></span> <span class='ocrx_word' id='word_1_143' title='bbox 216 2152 395 2232; x_wconf 79' lang='lat' dir='ltr'><strong>sperarent</strong></span> <span class='ocrx_word' id='word_1_144' title='bbox 426 2153 576 2213; x_wconf 87' lang='lat' dir='ltr'><strong>castrum</strong></span> <span class='ocrx_word' id='word_1_145' title='bbox 600 2147 789 2230; x_wconf 87' lang='lat' dir='ltr'><strong>Rivalgarii</strong></span> <span class='ocrx_word' id='word_1_146' title='bbox 820 2168 918 2230; x_wconf 92' lang='lat' dir='ltr'><strong>posse</strong></span> <span class='ocrx_word' id='word_1_147' title='bbox 950 2150 1070 2211; x_wconf 85' lang='lat' dir='ltr'><strong>tenere</strong></span> <span class='ocrx_word' id='word_1_148' title='bbox 1094 2151 1129 2211; x_wconf 90' lang='lat' dir='ltr'><strong>et</strong></span> <span class='ocrx_word' id='word_1_149' title='bbox 1153 2148 1269 2211; x_wconf 85' lang='lat' dir='ltr'><strong>defen-</strong></span> 
     </span>
     <span class='ocr_line' id='line_1_20' title="bbox 150 2236 1269 2321; baseline -0.004 -20"><span class='ocrx_word' id='word_1_150' title='bbox 150 2238 232 2303; x_wconf 88' lang='lat' dir='ltr'><strong>dere</strong></span> <span class='ocrx_word' id='word_1_151' title='bbox 254 2241 291 2302; x_wconf 89' lang='lat' dir='ltr'><strong>et</strong></span> <span class='ocrx_word' id='word_1_152' title='bbox 314 2239 357 2303; x_wconf 90' lang='lat' dir='ltr'><strong>ad</strong></span> <span class='ocrx_word' id='word_1_153' title='bbox 381 2239 546 2302; x_wconf 92' lang='lat' dir='ltr'><strong>honorem</strong></span> <span class='ocrx_word' id='word_1_154' title='bbox 570 2237 689 2321; x_wconf 92' lang='lat' dir='ltr'><strong>populi</strong></span> <span class='ocrx_word' id='word_1_155' title='bbox 713 2241 937 2300; x_wconf 90' lang='lat' dir='ltr'><strong>manutenere</strong></span> <span class='ocrx_word' id='word_1_156' title='bbox 961 2256 1039 2299; x_wconf 91' lang='lat' dir='ltr'><strong>cum</strong></span> <span class='ocrx_word' id='word_1_157' title='bbox 1062 2236 1143 2298; x_wconf 86' lang='lat' dir='ltr'><strong>viris</strong></span> <span class='ocrx_word' id='word_1_158' title='bbox 1165 2257 1269 2318; x_wconf 93' lang='lat' dir='ltr'><strong>popu-</strong></span> 
     </span>
    </p>

    <p class='ocr_par' dir='ltr' id='par_1_9' title="bbox 103 2324 1268 2763">
     <span class='ocr_line' id='line_1_21' title="bbox 103 2324 1267 2410; baseline -0.005 -18"><span class='ocrx_word' id='word_1_159' title='bbox 103 2326 290 2403; x_wconf 78' lang='lat' dir='ltr'><strong>alaribus,</strong></span> <span class='ocrx_word' id='word_1_160' title='bbox 322 2327 382 2410; x_wconf 92' lang='lat' dir='ltr'><strong>qui</strong></span> <span class='ocrx_word' id='word_1_161' title='bbox 410 2328 447 2390; x_wconf 94' lang='lat' dir='ltr'><strong>in</strong></span> <span class='ocrx_word' id='word_1_162' title='bbox 476 2327 584 2410; x_wconf 87' lang='lat' dir='ltr'><strong>ipsius</strong></span> <span class='ocrx_word' id='word_1_163' title='bbox 612 2327 716 2390; x_wconf 86' lang='lat' dir='ltr'><strong>castri</strong></span> <span class='ocrx_word' id='word_1_164' title='bbox 746 2325 904 2389; x_wconf 86' lang='lat' dir='ltr'><strong>custodia</strong></span> <span class='ocrx_word' id='word_1_165' title='bbox 933 2324 1136 2400; x_wconf 81' lang='lat' dir='ltr'><strong>existebant,</strong></span> <span class='ocrx_word' id='word_1_166' title='bbox 1169 2325 1267 2387; x_wconf 89' lang='lat' dir='ltr'><strong>cami-</strong></span> 
     </span>
     <span class='ocr_line' id='line_1_22' title="bbox 149 2413 1267 2500; baseline -0.002 -21"><span class='ocrx_word' id='word_1_167' title='bbox 149 2418 268 2480; x_wconf 84' lang='lat' dir='ltr'><strong>natam</strong></span> <span class='ocrx_word' id='word_1_168' title='bbox 296 2415 436 2479; x_wconf 90' lang='lat' dir='ltr'><strong>illorum</strong></span> <span class='ocrx_word' id='word_1_169' title='bbox 467 2416 510 2480; x_wconf 92' lang='lat' dir='ltr'><strong>de</strong></span> <span class='ocrx_word' id='word_1_170' title='bbox 540 2416 711 2500; x_wconf 83' lang='lat' dir='ltr'><strong>Pigaaano</strong></span> <span class='ocrx_word' id='word_1_171' title='bbox 742 2417 777 2478; x_wconf 92' lang='lat' dir='ltr'><strong>et</strong></span> <span class='ocrx_word' id='word_1_172' title='bbox 804 2415 911 2497; x_wconf 89' lang='lat' dir='ltr'><strong>ipsius</strong></span> <span class='ocrx_word' id='word_1_173' title='bbox 938 2413 1170 2490; x_wconf 87' lang='lat' dir='ltr'><strong>lociturrem,</strong></span> <span class='ocrx_word' id='word_1_174' title='bbox 1202 2433 1267 2494; x_wconf 91' lang='lat' dir='ltr'><strong>que</strong></span> 
     </span>
     <span class='ocr_line' id='line_1_23' title="bbox 149 2502 1268 2588; baseline -0.003 -21"><span class='ocrx_word' id='word_1_175' title='bbox 149 2525 211 2588; x_wconf 88' lang='lat' dir='ltr'><strong>pro</strong></span> <span class='ocrx_word' id='word_1_176' title='bbox 234 2504 405 2568; x_wconf 88' lang='lat' dir='ltr'><strong>militibus</strong></span> <span class='ocrx_word' id='word_1_177' title='bbox 426 2505 613 2569; x_wconf 86' lang='lat' dir='ltr'><strong>tenebatur</strong></span> <span class='ocrx_word' id='word_1_178' title='bbox 636 2507 672 2568; x_wconf 86' lang='lat' dir='ltr'><strong>et</strong></span> <span class='ocrx_word' id='word_1_179' title='bbox 696 2503 956 2568; x_wconf 90' lang='lat' dir='ltr'><strong>custodiebatur</strong></span> <span class='ocrx_word' id='word_1_180' title='bbox 972 2537 1015 2544; x_wconf 95' lang='grc'>-</span> <span class='ocrx_word' id='word_1_181' title='bbox 1034 2502 1144 2585; x_wconf 90' lang='lat' dir='ltr'><strong>ipsam</strong></span> <span class='ocrx_word' id='word_1_182' title='bbox 1168 2502 1268 2565; x_wconf 90' lang='lat' dir='ltr'><strong>cami·</strong></span> 
     </span>
     <span class='ocr_line' id='line_1_24' title="bbox 148 2591 1267 2677; baseline -0.004 -21"><span class='ocrx_word' id='word_1_183' title='bbox 148 2596 268 2656; x_wconf 88' lang='lat' dir='ltr'><strong>natam</strong></span> <span class='ocrx_word' id='word_1_184' title='bbox 292 2614 353 2677; x_wconf 92' lang='lat' dir='ltr'><strong>per</strong></span> <span class='ocrx_word' id='word_1_185' title='bbox 381 2593 451 2656; x_wconf 89' lang='lat' dir='ltr'><strong>vim</strong></span> <span class='ocrx_word' id='word_1_186' title='bbox 482 2595 658 2677; x_wconf 88' lang='lat' dir='ltr'><strong>ceperunt.</strong></span> <span class='ocrx_word' id='word_1_187' title='bbox 704 2592 782 2656; x_wconf 87' lang='lat' dir='ltr'><strong>Hoc</strong></span> <span class='ocrx_word' id='word_1_188' title='bbox 812 2592 932 2655; x_wconf 92' lang='lat' dir='ltr'><strong>audito</strong></span> <span class='ocrx_word' id='word_1_189' title='bbox 963 2611 983 2654; x_wconf 92' lang='lat' dir='ltr'><strong>a</strong></span> <span class='ocrx_word' id='word_1_190' title='bbox 1010 2591 1186 2655; x_wconf 88' lang='lat' dir='ltr'><strong>societatis</strong></span> <span class='ocrx_word' id='word_1_191' title='bbox 1209 2591 1267 2653; x_wconf 91' lang='lat' dir='ltr'><strong>mi·</strong></span> 
     </span>
     <span class='ocr_line' id='line_1_25' title="bbox 149 2680 1267 2763; baseline -0.003 -18"><span class='ocrx_word' id='word_1_192' title='bbox 149 2682 252 2745; x_wconf 86' lang='lat' dir='ltr'><strong>litum</strong></span> <span class='ocrx_word' id='word_1_193' title='bbox 276 2682 474 2747; x_wconf 86' lang='lat' dir='ltr'><strong>consulibus</strong></span> <span class='ocrx_word' id='word_1_194' title='bbox 498 2686 534 2746; x_wconf 91' lang='lat' dir='ltr'><strong>et</strong></span> <span class='ocrx_word' id='word_1_195' title='bbox 557 2682 736 2757; x_wconf 91' lang='lat' dir='ltr'><strong>militibus,</strong></span> <span class='ocrx_word' id='word_1_196' title='bbox 768 2681 827 2763; x_wconf 92' lang='lat' dir='ltr'><strong>qui</strong></span> <span class='ocrx_word' id='word_1_197' title='bbox 856 2681 892 2743; x_wconf 93' lang='lat' dir='ltr'><strong>in</strong></span> <span class='ocrx_word' id='word_1_198' title='bbox 919 2681 1003 2762; x_wconf 89' lang='lat' dir='ltr'><strong>ipsis</strong></span> <span class='ocrx_word' id='word_1_199' title='bbox 1026 2680 1172 2744; x_wconf 90' lang='lat' dir='ltr'><strong>aderant</strong></span> <span class='ocrx_word' id='word_1_200' title='bbox 1194 2701 1267 2762; x_wconf 91' lang='lat' dir='ltr'><strong>par-</strong></span> 
     </span>
    </p>

    <p class='ocr_par' dir='ltr' id='par_1_10' title="bbox 102 2769 1399 3209">
     <span class='ocr_line' id='line_1_26' title="bbox 102 2769 1268 2855; baseline -0.003 -20"><span class='ocrx_word' id='word_1_201' title='bbox 102 2797 131 2836; x_wconf 77' lang='lat' dir='ltr'><strong>es</strong></span> <span class='ocrx_word' id='word_1_202' title='bbox 148 2771 254 2848; x_wconf 90' lang='lat' dir='ltr'><strong>tibus,</strong></span> <span class='ocrx_word' id='word_1_203' title='bbox 288 2771 384 2836; x_wconf 90' lang='lat' dir='ltr'><strong>illico</strong></span> <span class='ocrx_word' id='word_1_204' title='bbox 419 2772 463 2834; x_wconf 88' lang='lat' dir='ltr'><strong>ad</strong></span> <span class='ocrx_word' id='word_1_205' title='bbox 495 2775 610 2855; x_wconf 91' lang='lat' dir='ltr'><strong>partes</strong></span> <span class='ocrx_word' id='word_1_206' title='bbox 639 2770 831 2852; x_wconf 85' lang='lat' dir='ltr'><strong>Rivalgarii</strong></span> <span class='ocrx_word' id='word_1_207' title='bbox 865 2772 1091 2847; x_wconf 89' lang='lat' dir='ltr'><strong>accesserunt,</strong></span> <span class='ocrx_word' id='word_1_208' title='bbox 1127 2769 1268 2832; x_wconf 90' lang='lat' dir='ltr'><strong>nuntios</strong></span> 
     </span>
     <span class='ocr_line' id='line_1_27' title="bbox 147 2859 1267 2944; baseline -0.004 -20"><span class='ocrx_word' id='word_1_209' title='bbox 147 2860 289 2943; x_wconf 89' lang='lat' dir='ltr'><strong>quidem</strong></span> <span class='ocrx_word' id='word_1_210' title='bbox 312 2880 392 2924; x_wconf 90' lang='lat' dir='ltr'><strong>suos</strong></span> <span class='ocrx_word' id='word_1_211' title='bbox 415 2881 476 2944; x_wconf 90' lang='lat' dir='ltr'><strong>per</strong></span> <span class='ocrx_word' id='word_1_212' title='bbox 495 2860 672 2924; x_wconf 89' lang='lat' dir='ltr'><strong>Placentie</strong></span> <span class='ocrx_word' id='word_1_213' title='bbox 697 2859 893 2924; x_wconf 83' lang='lat' dir='ltr'><strong>districtum</strong></span> <span class='ocrx_word' id='word_1_214' title='bbox 916 2859 1106 2935; x_wconf 89' lang='lat' dir='ltr'><strong>mittentes,</strong></span> <span class='ocrx_word' id='word_1_215' title='bbox 1130 2861 1267 2921; x_wconf 90' lang='lat' dir='ltr'><strong>uttam</strong></span> 
     </span>
     <span class='ocr_line' id='line_1_28' title="bbox 148 2946 1267 3033; baseline 0 -23"><span class='ocrx_word' id='word_1_216' title='bbox 148 2948 278 3013; x_wconf 87' lang='lat' dir='ltr'><strong>milites</strong></span> <span class='ocrx_word' id='word_1_217' title='bbox 307 2969 411 3032; x_wconf 91' lang='lat' dir='ltr'><strong>quam</strong></span> <span class='ocrx_word' id='word_1_218' title='bbox 441 2950 584 3033; x_wconf 90' lang='lat' dir='ltr'><strong>pedites,</strong></span> <span class='ocrx_word' id='word_1_219' title='bbox 621 2948 793 3032; x_wconf 85' lang='lat' dir='ltr'><strong>sagittarii</strong></span> <span class='ocrx_word' id='word_1_220' title='bbox 828 2953 863 3011; x_wconf 85' lang='lat' dir='ltr'><strong>et</strong></span> <span class='ocrx_word' id='word_1_221' title='bbox 898 2947 1076 3010; x_wconf 90' lang='lat' dir='ltr'><strong>balestarii</strong></span> <span class='ocrx_word' id='word_1_222' title='bbox 1110 2947 1154 3010; x_wconf 90' lang='lat' dir='ltr'><strong>ad</strong></span> <span class='ocrx_word' id='word_1_223' title='bbox 1188 2946 1267 3010; x_wconf 90' lang='lat' dir='ltr'><strong>illas</strong></span> 
     </span>
     <span class='ocr_line' id='line_1_29' title="bbox 149 3035 1399 3120; baseline -0.008 -19"><span class='ocrx_word' id='word_1_224' title='bbox 149 3040 266 3120; x_wconf 87' lang='lat' dir='ltr'><strong>partes</strong></span> <span class='ocrx_word' id='word_1_225' title='bbox 295 3039 458 3103; x_wconf 88' lang='lat' dir='ltr'><strong>accedere</strong></span> <span class='ocrx_word' id='word_1_226' title='bbox 489 3039 666 3103; x_wconf 88' lang='lat' dir='ltr'><strong>deberent.</strong></span> <span class='ocrx_word' id='word_1_227' title='bbox 720 3037 786 3100; x_wconf 92' lang='lat' dir='ltr'><strong>Die</strong></span> <span class='ocrx_word' id='word_1_228' title='bbox 820 3057 901 3100; x_wconf 84' lang='lat' dir='ltr'><strong>vero</strong></span> <span class='ocrx_word' id='word_1_229' title='bbox 932 3036 1087 3119; x_wconf 87' lang='lat' dir='ltr'><strong>proxima</strong></span> <span class='ocrx_word' id='word_1_230' title='bbox 1116 3036 1154 3098; x_wconf 92' lang='lat' dir='ltr'><strong>in</strong></span> <span class='ocrx_word' id='word_1_231' title='bbox 1183 3035 1268 3099; x_wconf 85' lang='lat' dir='ltr'><strong>villa</strong></span> <span class='ocrx_word' id='word_1_232' title='bbox 1286 3051 1399 3096; x_wconf 67' lang='lat' dir='ltr'><strong>naara</strong></span> 
     </span>
     <span class='ocr_line' id='line_1_30' title="bbox 149 3124 1267 3209; baseline -0.002 -20"><span class='ocrx_word' id='word_1_233' title='bbox 149 3125 306 3191; x_wconf 86' lang='lat' dir='ltr'><strong>Duliarie</strong></span> <span class='ocrx_word' id='word_1_234' title='bbox 330 3127 424 3191; x_wconf 92' lang='lat' dir='ltr'><strong>etin</strong></span> <span class='ocrx_word' id='word_1_235' title='bbox 448 3127 606 3191; x_wconf 89' lang='lat' dir='ltr'><strong>domibus</strong></span> <span class='ocrx_word' id='word_1_236' title='bbox 629 3147 695 3209; x_wconf 90' lang='lat' dir='ltr'><strong>que</strong></span> <span class='ocrx_word' id='word_1_237' title='bbox 719 3129 801 3188; x_wconf 90' lang='lat' dir='ltr'><strong>sunt</strong></span> <span class='ocrx_word' id='word_1_238' title='bbox 823 3125 921 3188; x_wconf 90' lang='lat' dir='ltr'><strong>iuxta</strong></span> <span class='ocrx_word' id='word_1_239' title='bbox 936 3124 1078 3208; x_wconf 81' lang='lat' dir='ltr'><strong>Plebem</strong></span> <span class='ocrx_word' id='word_1_240' title='bbox 1099 3124 1267 3207; x_wconf 87' lang='lat' dir='ltr'><strong>hospitati</strong></span> 
     </span>
    </p>

    <p class='ocr_par' dir='ltr' id='par_1_11' title="bbox 103 3213 1396 3653">
     <span class='ocr_line' id='line_1_31' title="bbox 103 3213 1396 3297; baseline -0.007 -16"><span class='ocrx_word' id='word_1_241' title='bbox 103 3241 131 3281; x_wconf 83' lang='lat' dir='ltr'><strong>ao</strong></span> <span class='ocrx_word' id='word_1_242' title='bbox 148 3215 263 3294; x_wconf 78' lang='lat' dir='ltr'><strong>fuere3</strong></span> <span class='ocrx_word' id='word_1_243' title='bbox 287 3215 398 3279; x_wconf 86' lang='lat' dir='ltr'><strong>altera</strong></span> <span class='ocrx_word' id='word_1_244' title='bbox 421 3216 477 3280; x_wconf 93' lang='lat' dir='ltr'><strong>die</strong></span> <span class='ocrx_word' id='word_1_245' title='bbox 501 3220 614 3279; x_wconf 87' lang='lat' dir='ltr'><strong>castra</strong></span> <span class='ocrx_word' id='word_1_246' title='bbox 636 3217 813 3279; x_wconf 84' lang='lat' dir='ltr'><strong>moventes</strong></span> <span class='ocrx_word' id='word_1_247' title='bbox 836 3215 945 3297; x_wconf 90' lang='lat' dir='ltr'><strong>ipsam</strong></span> <span class='ocrx_word' id='word_1_248' title='bbox 961 3213 1079 3277; x_wconf 90' lang='lat' dir='ltr'><strong>villam</strong></span> <span class='ocrx_word' id='word_1_249' title='bbox 1097 3216 1133 3277; x_wconf 91' lang='lat' dir='ltr'><strong>et</strong></span> <span class='ocrx_word' id='word_1_250' title='bbox 1149 3215 1267 3277; x_wconf 92' lang='lat' dir='ltr'><strong>domos</strong></span> <span class='ocrx_word' id='word_1_251' title='bbox 1287 3230 1396 3272; x_wconf 66' lang='lat' dir='ltr'><strong>naara.</strong></span> 
     </span>
     <span class='ocr_line' id='line_1_32' title="bbox 150 3300 1266 3387; baseline -0.001 -20"><span class='ocrx_word' id='word_1_252' title='bbox 150 3304 384 3369; x_wconf 86' lang='lat' dir='ltr'><strong>conbuserunt</strong></span> <span class='ocrx_word' id='word_1_253' title='bbox 401 3308 435 3369; x_wconf 89' lang='lat' dir='ltr'><strong>et</strong></span> <span class='ocrx_word' id='word_1_254' title='bbox 450 3325 514 3381; x_wconf 89' lang='lat' dir='ltr'><strong>res,</strong></span> <span class='ocrx_word' id='word_1_255' title='bbox 540 3325 623 3387; x_wconf 89' lang='lat' dir='ltr'><strong>quas</strong></span> <span class='ocrx_word' id='word_1_256' title='bbox 640 3304 795 3368; x_wconf 88' lang='lat' dir='ltr'><strong>homines</strong></span> <span class='ocrx_word' id='word_1_257' title='bbox 812 3303 1002 3384; x_wconf 83' lang='lat' dir='ltr'><strong>Rivalgarii</strong></span> <span class='ocrx_word' id='word_1_258' title='bbox 1016 3303 1054 3365; x_wconf 90' lang='lat' dir='ltr'><strong>in</strong></span> <span class='ocrx_word' id='word_1_259' title='bbox 1069 3303 1145 3384; x_wconf 87' lang='lat' dir='ltr'><strong>ipsa</strong></span> <span class='ocrx_word' id='word_1_260' title='bbox 1160 3300 1266 3366; x_wconf 90' lang='lat' dir='ltr'><strong>Plebe</strong></span> 
     </span>
     <span class='ocr_line' id='line_1_33' title="bbox 149 3390 1268 3477; baseline -0.004 -20"><span class='ocrx_word' id='word_1_261' title='bbox 149 3392 389 3477; x_wconf 85' lang='lat' dir='ltr'><strong>confugerant,</strong></span> <span class='ocrx_word' id='word_1_262' title='bbox 404 3414 549 3476; x_wconf 89' lang='lat' dir='ltr'><strong>rapuere</strong></span> <span class='ocrx_word' id='word_1_263' title='bbox 566 3397 601 3457; x_wconf 92' lang='lat' dir='ltr'><strong>et</strong></span> <span class='ocrx_word' id='word_1_264' title='bbox 617 3392 806 3469; x_wconf 89' lang='lat' dir='ltr'><strong>abstulere;</strong></span> <span class='ocrx_word' id='word_1_265' title='bbox 825 3394 944 3475; x_wconf 87' lang='lat' dir='ltr'><strong>postea</strong></span> <span class='ocrx_word' id='word_1_266' title='bbox 960 3411 1077 3455; x_wconf 87' lang='lat' dir='ltr'><strong>versus</strong></span> <span class='ocrx_word' id='word_1_267' title='bbox 1094 3390 1268 3454; x_wconf 81' lang='lat' dir='ltr'><strong>castrum3</strong></span> 
     </span>
     <span class='ocr_line' id='line_1_34' title="bbox 149 3478 1266 3565; baseline -0.005 -19"><span class='ocrx_word' id='word_1_268' title='bbox 149 3484 341 3565; x_wconf 85' lang='lat' dir='ltr'><strong>pergentes,</strong></span> <span class='ocrx_word' id='word_1_269' title='bbox 376 3482 483 3565; x_wconf 90' lang='lat' dir='ltr'><strong>ipsius</strong></span> <span class='ocrx_word' id='word_1_270' title='bbox 519 3482 623 3546; x_wconf 90' lang='lat' dir='ltr'><strong>castri</strong></span> <span class='ocrx_word' id='word_1_271' title='bbox 658 3482 815 3564; x_wconf 88' lang='lat' dir='ltr'><strong>burgum,</strong></span> <span class='ocrx_word' id='word_1_272' title='bbox 850 3501 952 3564; x_wconf 90' lang='lat' dir='ltr'><strong>quem</strong></span> <span class='ocrx_word' id='word_1_273' title='bbox 986 3479 1088 3543; x_wconf 90' lang='lat' dir='ltr'><strong>rostis</strong></span> <span class='ocrx_word' id='word_1_274' title='bbox 1124 3482 1159 3542; x_wconf 93' lang='lat' dir='ltr'><strong>et</strong></span> <span class='ocrx_word' id='word_1_275' title='bbox 1189 3478 1266 3541; x_wconf 89' lang='lat' dir='ltr'><strong>aliis</strong></span> 
     </span>
     <span class='ocr_line' id='line_1_35' title="bbox 149 3567 1266 3653; baseline -0.003 -21"><span class='ocrx_word' id='word_1_276' title='bbox 149 3570 399 3634; x_wconf 90' lang='lat' dir='ltr'><strong>munitionibus</strong></span> <span class='ocrx_word' id='word_1_277' title='bbox 423 3571 629 3646; x_wconf 90' lang='lat' dir='ltr'><strong>munierant,</strong></span> <span class='ocrx_word' id='word_1_278' title='bbox 654 3590 715 3653; x_wconf 89' lang='lat' dir='ltr'><strong>per</strong></span> <span class='ocrx_word' id='word_1_279' title='bbox 730 3570 799 3633; x_wconf 88' lang='lat' dir='ltr'><strong>vim</strong></span> <span class='ocrx_word' id='word_1_280' title='bbox 816 3572 997 3653; x_wconf 89' lang='lat' dir='ltr'><strong>oeperunt;</strong></span> <span class='ocrx_word' id='word_1_281' title='bbox 1021 3568 1111 3631; x_wconf 90' lang='lat' dir='ltr'><strong>illud</strong></span> <span class='ocrx_word' id='word_1_282' title='bbox 1127 3567 1266 3650; x_wconf 90' lang='lat' dir='ltr'><strong>quidem</strong></span> 
     </span>
    </p>

    <p class='ocr_par' dir='ltr' id='par_1_12' title="bbox 103 3652 1396 3920">
     <span class='ocr_line' id='line_1_36' title="bbox 103 3652 1264 3743; baseline -0.002 -21"><span class='ocrx_word' id='word_1_283' title='bbox 103 3677 131 3716; x_wconf 68' lang='lat' dir='ltr'><strong>a</strong></span> <span class='ocrx_word' id='word_1_284' title='bbox 149 3662 298 3723; x_wconf 88' lang='lat' dir='ltr'><strong>castrum</strong></span> <span class='ocrx_word' id='word_1_285' title='bbox 330 3660 484 3743; x_wconf 89' lang='lat' dir='ltr'><strong>undique</strong></span> <span class='ocrx_word' id='word_1_286' title='bbox 507 3652 731 3724; x_wconf 81' lang='lat' dir='ltr'><strong>obsideruntf</strong></span> <span class='ocrx_word' id='word_1_287' title='bbox 758 3661 794 3722; x_wconf 92' lang='lat' dir='ltr'><strong>et</strong></span> <span class='ocrx_word' id='word_1_288' title='bbox 824 3659 860 3721; x_wconf 90' lang='lat' dir='ltr'><strong>in</strong></span> <span class='ocrx_word' id='word_1_289' title='bbox 889 3659 964 3741; x_wconf 92' lang='lat' dir='ltr'><strong>ipso</strong></span> <span class='ocrx_word' id='word_1_290' title='bbox 993 3660 1105 3722; x_wconf 89' lang='lat' dir='ltr'><strong>castro</strong></span> <span class='ocrx_word' id='word_1_291' title='bbox 1136 3655 1264 3720; x_wconf 93' lang='lat' dir='ltr'><strong>multos</strong></span> 
     </span>
     <span class='ocr_line' id='line_1_37' title="bbox 148 3744 1266 3832; baseline -0.003 -22"><span class='ocrx_word' id='word_1_292' title='bbox 148 3746 283 3831; x_wconf 88' lang='lat' dir='ltr'><strong>lapides</strong></span> <span class='ocrx_word' id='word_1_293' title='bbox 305 3769 383 3813; x_wconf 91' lang='lat' dir='ltr'><strong>cum</strong></span> <span class='ocrx_word' id='word_1_294' title='bbox 406 3749 573 3832; x_wconf 89' lang='lat' dir='ltr'><strong>predariis</strong></span> <span class='ocrx_word' id='word_1_295' title='bbox 597 3748 779 3831; x_wconf 90' lang='lat' dir='ltr'><strong>proiecere.</strong></span> <span class='ocrx_word' id='word_1_296' title='bbox 828 3747 914 3811; x_wconf 87' lang='lat' dir='ltr'><strong>Oum</strong></span> <span class='ocrx_word' id='word_1_297' title='bbox 938 3749 1054 3810; x_wconf 79' lang='lat' dir='ltr'><strong>autem</strong></span> <span class='ocrx_word' id='word_1_298' title='bbox 1079 3746 1134 3809; x_wconf 91' lang='lat' dir='ltr'><strong>die</strong></span> <span class='ocrx_word' id='word_1_299' title='bbox 1162 3744 1266 3808; x_wconf 89' lang='lat' dir='ltr'><strong>domi·</strong></span> 
     </span>
     <span class='ocr_line' id='line_1_38' title="bbox 147 3834 1396 3920; baseline -0.003 -21"><span class='ocrx_word' id='word_1_300' title='bbox 147 3836 228 3901; x_wconf 89' lang='lat' dir='ltr'><strong>nica</strong></span> <span class='ocrx_word' id='word_1_301' title='bbox 256 3837 433 3920; x_wconf 72' lang='lat' dir='ltr'><strong>proxima‘1</strong></span> <span class='ocrx_word' id='word_1_302' title='bbox 463 3837 507 3900; x_wconf 90' lang='lat' dir='ltr'><strong>ad</strong></span> <span class='ocrx_word' id='word_1_303' title='bbox 536 3837 626 3900; x_wconf 90' lang='lat' dir='ltr'><strong>illud</strong></span> <span class='ocrx_word' id='word_1_304' title='bbox 656 3840 805 3900; x_wconf 90' lang='lat' dir='ltr'><strong>castrum</strong></span> <span class='ocrx_word' id='word_1_305' title='bbox 838 3836 1104 3919; x_wconf 84' lang='lat' dir='ltr'><strong>expugnandum</strong></span> <span class='ocrx_word' id='word_1_306' title='bbox 1139 3834 1264 3912; x_wconf 80' lang='lat' dir='ltr'><strong>forent,</strong></span> <span class='ocrx_word' id='word_1_307' title='bbox 1285 3851 1396 3895; x_wconf 63' lang='lat' dir='ltr'><strong>narras.</strong></span> 
     </span>
    </p>
   </div>
   <div class='ocr_carea' id='block_1_5' title="bbox 102 4006 1267 4272">
    <p class='ocr_par' dir='ltr' id='par_1_13' title="bbox 147 4006 1267 4112">
     <span class='ocr_line' id='line_1_39' title="bbox 147 4006 1267 4061; baseline -0.005 -12"><span class='ocrx_word' id='word_1_308' title='bbox 147 4008 170 4061; x_wconf 75' lang='lat' dir='ltr'><strong>a)</strong></span> <span class='ocrx_word' id='word_1_309' title='bbox 184 4006 290 4049; x_wconf 80' lang='lat' dir='ltr'><strong>mlttendl</strong></span> <span class='ocrx_word' id='word_1_310' title='bbox 301 4020 319 4053; x_wconf 79' lang='lat' dir='ltr'><strong>c.</strong></span> <span class='ocrx_word' id='word_1_311' title='bbox 372 4010 395 4057; x_wconf 93' lang='lat' dir='ltr'><strong>b)</strong></span> <span class='ocrx_word' id='word_1_312' title='bbox 408 4010 479 4059; x_wconf 76' lang='lat' dir='ltr'><strong>suppl.</strong></span> <span class='ocrx_word' id='word_1_313' title='bbox 495 4010 571 4056; x_wconf 62' lang='lat' dir='ltr'><strong>Perta·</strong></span> <span class='ocrx_word' id='word_1_314' title='bbox 585 4020 628 4049; x_wconf 76' lang='lat' dir='ltr'><strong>orn.</strong></span> <span class='ocrx_word' id='word_1_315' title='bbox 642 4021 660 4051; x_wconf 86' lang='lat' dir='ltr'><strong>c.</strong></span> <span class='ocrx_word' id='word_1_316' title='bbox 707 4008 727 4059; x_wconf 87' lang='lat' dir='ltr'><strong>c)</strong></span> <span class='ocrx_word' id='word_1_317' title='bbox 742 4010 865 4056; x_wconf 64' lang='lat' dir='ltr'><strong>eruendam,-</strong></span> <span class='ocrx_word' id='word_1_318' title='bbox 878 4007 981 4056; x_wconf 85' lang='lat' dir='ltr'><strong>proxima</strong></span> <span class='ocrx_word' id='word_1_319' title='bbox 994 4019 1011 4050; x_wconf 84' lang='lat' dir='ltr'><strong>c.</strong></span> <span class='ocrx_word' id='word_1_320' title='bbox 1065 4008 1088 4057; x_wconf 89' lang='lat' dir='ltr'><strong>d)</strong></span> <span class='ocrx_word' id='word_1_321' title='bbox 1101 4008 1171 4054; x_wconf 73' lang='lat' dir='ltr'><strong>alca,¹</strong></span> <span class='ocrx_word' id='word_1_322' title='bbox 1185 4006 1222 4045; x_wconf 79' lang='lat' dir='ltr'><strong>sed</strong></span> <span class='ocrx_word' id='word_1_323' title='bbox 1237 4006 1267 4044; x_wconf 82' lang='lat' dir='ltr'><strong>ad</strong></span> 
     </span>
     <span class='ocr_line' id='line_1_40' title="bbox 149 4061 1267 4112; baseline -0.004 -10"><span class='ocrx_word' id='word_1_324' title='bbox 149 4074 170 4105; x_wconf 82' lang='grc' dir='ltr'><strong>α.</strong></span> <span class='ocrx_word' id='word_1_325' title='bbox 183 4063 243 4105; x_wconf 73' lang='lat'><strong>1820.</strong></span> <span class='ocrx_word' id='word_1_326' title='bbox 262 4062 315 4102; x_wconf 74' lang='lat' dir='ltr'><strong>haec</strong></span> <span class='ocrx_word' id='word_1_327' title='bbox 328 4063 439 4112; x_wconf 65' lang='lat' dir='ltr'><strong>pertinere</strong></span> <span class='ocrx_word' id='word_1_328' title='bbox 457 4067 556 4112; x_wconf 76' lang='lat' dir='ltr'><strong>apparet,</strong></span> <span class='ocrx_word' id='word_1_329' title='bbox 577 4074 624 4101; x_wconf 81' lang='lat' dir='ltr'><strong>cum</strong></span> <span class='ocrx_word' id='word_1_330' title='bbox 642 4067 662 4101; x_wconf 79' lang='lat' dir='ltr'><strong>ct</strong></span> <span class='ocrx_word' id='word_1_331' title='bbox 681 4063 747 4104; x_wconf 80' lang='lat' dir='ltr'><strong>Mart.</strong></span> <span class='ocrx_word' id='word_1_332' title='bbox 761 4063 795 4100; x_wconf 78' lang='lat'><strong>24.</strong></span> <span class='ocrx_word' id='word_1_333' title='bbox 814 4062 882 4109; x_wconf 77' lang='lat' dir='ltr'><strong>suerit</strong></span> <span class='ocrx_word' id='word_1_334' title='bbox 899 4062 939 4099; x_wconf 82' lang='lat' dir='ltr'><strong>hoc</strong></span> <span class='ocrx_word' id='word_1_335' title='bbox 958 4072 1016 4100; x_wconf 77' lang='lat' dir='ltr'><strong>anuo</strong></span> <span class='ocrx_word' id='word_1_336' title='bbox 1034 4061 1080 4099; x_wconf 73' lang='lat' dir='ltr'><strong>dics</strong></span> <span class='ocrx_word' id='word_1_337' title='bbox 1094 4061 1181 4108; x_wconf 74' lang='lat' dir='ltr'><strong>Martia,</strong></span> <span class='ocrx_word' id='word_1_338' title='bbox 1202 4062 1222 4098; x_wconf 82' lang='lat' dir='ltr'><strong>et</strong></span> <span class='ocrx_word' id='word_1_339' title='bbox 1240 4070 1267 4097; x_wconf 77' lang='lat' dir='ltr'><strong>cx</strong></span> 
     </span>
    </p>

    <p class='ocr_par' dir='ltr' id='par_1_14' title="bbox 102 4107 1267 4272">
     <span class='ocr_line' id='line_1_41' title="bbox 102 4107 1265 4166; baseline -0.005 -11"><span class='ocrx_word' id='word_1_340' title='bbox 102 4107 130 4146; x_wconf 75' lang='lat'><strong>4⁰</strong></span> <span class='ocrx_word' id='word_1_341' title='bbox 147 4119 245 4166; x_wconf 66' lang='lat' dir='ltr'><strong>squaru</strong></span> <span class='ocrx_word' id='word_1_342' title='bbox 257 4117 385 4155; x_wconf 66' lang='lat' dir='ltr'><strong>serratim</strong></span> <span class='ocrx_word' id='word_1_343' title='bbox 399 4120 506 4165; x_wconf 77' lang='lat' dir='ltr'><strong>appareat</strong></span> <span class='ocrx_word' id='word_1_344' title='bbox 520 4117 572 4154; x_wconf 79' lang='lat' dir='ltr'><strong>hoec</strong></span> <span class='ocrx_word' id='word_1_345' title='bbox 586 4119 635 4154; x_wconf 75' lang='lat' dir='ltr'><strong>ante</strong></span> <span class='ocrx_word' id='word_1_346' title='bbox 649 4127 669 4158; x_wconf 87' lang='grc' dir='ltr'><strong>α,</strong></span> <span class='ocrx_word' id='word_1_347' title='bbox 680 4116 739 4158; x_wconf 74' lang='lat'>1221.</span> <span class='ocrx_word' id='word_1_348' title='bbox 749 4119 811 4162; x_wconf 67' lang='lat' dir='ltr'><strong>cesto</strong></span> <span class='ocrx_word' id='word_1_349' title='bbox 825 4124 876 4156; x_wconf 81' lang='lat' dir='ltr'><strong>ecce.</strong></span> <span class='ocrx_word' id='word_1_350' title='bbox 900 4115 963 4152; x_wconf 72' lang='lat' dir='ltr'><strong>Perta</strong></span> <span class='ocrx_word' id='word_1_351' title='bbox 976 4126 1020 4153; x_wconf 80' lang='lat' dir='ltr'><strong>non</strong></span> <span class='ocrx_word' id='word_1_352' title='bbox 1033 4119 1088 4154; x_wconf 77' lang='lat' dir='ltr'><strong>recte</strong></span> <span class='ocrx_word' id='word_1_353' title='bbox 1098 4114 1158 4156; x_wconf 77' lang='lat'>1219.</span> <span class='ocrx_word' id='word_1_354' title='bbox 1170 4112 1265 4161; x_wconf 71' lang='lat' dir='ltr'><strong>scripsit,</strong></span> 
     </span>
     <span class='ocr_line' id='line_1_42' title="bbox 146 4166 1267 4219; baseline -0.004 -11"><span class='ocrx_word' id='word_1_355' title='bbox 146 4178 196 4208; x_wconf 76' lang='lat' dir='ltr'><strong>eum</strong></span> <span class='ocrx_word' id='word_1_356' title='bbox 209 4170 316 4219; x_wconf 73' lang='lat' dir='ltr'><strong>puraque</strong></span> <span class='ocrx_word' id='word_1_357' title='bbox 333 4171 464 4219; x_wconf 63' lang='lat' dir='ltr'><strong>secumdum</strong></span> <span class='ocrx_word' id='word_1_358' title='bbox 481 4171 596 4208; x_wconf 80' lang='lat' dir='ltr'><strong>secundum</strong></span> <span class='ocrx_word' id='word_1_359' title='bbox 610 4170 737 4216; x_wconf 70' lang='lat' dir='ltr'><strong>Godaanclli</strong></span> <span class='ocrx_word' id='word_1_360' title='bbox 755 4169 933 4217; x_wconf 74' lang='lat' dir='ltr'><strong>computationem</strong></span> <span class='ocrx_word' id='word_1_361' title='bbox 947 4168 1012 4206; x_wconf 74' lang='lat' dir='ltr'><strong>ctiam</strong></span> <span class='ocrx_word' id='word_1_362' title='bbox 1027 4179 1048 4210; x_wconf 83' lang='lat' dir='ltr'><strong>a,</strong></span> <span class='ocrx_word' id='word_1_363' title='bbox 1058 4167 1117 4217; x_wconf 74' lang='lat'><strong>1220,</strong></span> <span class='ocrx_word' id='word_1_364' title='bbox 1137 4166 1198 4205; x_wconf 77' lang='lat' dir='ltr'><strong>initio</strong></span> <span class='ocrx_word' id='word_1_365' title='bbox 1213 4166 1267 4203; x_wconf 77' lang='lat' dir='ltr'><strong>anni</strong></span> 
     </span>
     <span class='ocr_line' id='line_1_43' title="bbox 147 4220 1029 4272; baseline -0.003 -11"><span class='ocrx_word' id='word_1_366' title='bbox 147 4233 163 4261; x_wconf 81' lang='lat' dir='ltr'><strong>a</strong></span> <span class='ocrx_word' id='word_1_367' title='bbox 177 4222 286 4266; x_wconf 52' lang='lat' dir='ltr'><strong>Manat.</strong></span> <span class='ocrx_word' id='word_1_368' title='bbox 299 4226 392 4272; x_wconf 73' lang='lat' dir='ltr'><strong>sumpto,</strong></span> <span class='ocrx_word' id='word_1_369' title='bbox 406 4223 468 4270; x_wconf 77' lang='lat' dir='ltr'><strong>forta</strong></span> <span class='ocrx_word' id='word_1_370' title='bbox 481 4223 531 4266; x_wconf 76' lang='lat' dir='ltr'><strong>sint.</strong></span> <span class='ocrx_word' id='word_1_371' title='bbox 585 4224 606 4270; x_wconf 85' lang='lat' dir='ltr'><strong>c)</strong></span> <span class='ocrx_word' id='word_1_372' title='bbox 619 4223 690 4271; x_wconf 77' lang='lat' dir='ltr'><strong>suppl.</strong></span> <span class='ocrx_word' id='word_1_373' title='bbox 703 4221 797 4269; x_wconf 85' lang='lat' dir='ltr'><strong>H.·B›·.,·</strong></span> <span class='ocrx_word' id='word_1_374' title='bbox 811 4232 852 4264; x_wconf 87' lang='lat' dir='ltr'><strong>om.</strong></span> <span class='ocrx_word' id='word_1_375' title='bbox 865 4232 884 4264; x_wconf 83' lang='lat' dir='ltr'><strong>c.</strong></span> <span class='ocrx_word' id='word_1_376' title='bbox 937 4220 999 4272; x_wconf 67' lang='lat' dir='ltr'><strong>osio</strong></span> <span class='ocrx_word' id='word_1_377' title='bbox 1013 4231 1029 4263; x_wconf 79' lang='lat' dir='ltr'><strong>c,</strong></span> 
     </span>
    </p>
   </div>
   <div class='ocr_carea' id='block_1_6' title="bbox 146 4362 1264 4504">
    <p class='ocr_par' dir='ltr' id='par_1_15' title="bbox 146 4362 1264 4504">
     <span class='ocr_line' id='line_1_44' title="bbox 148 4362 1264 4430; baseline -0.005 -11"><span class='ocrx_word' id='word_1_378' title='bbox 148 4365 175 4430; x_wconf 87' lang='lat'><strong>1)</strong></span> <span class='ocrx_word' id='word_1_379' title='bbox 193 4362 281 4416; x_wconf 83' lang='lat' dir='ltr'><strong>Plura</strong></span> <span class='ocrx_word' id='word_1_380' title='bbox 298 4365 330 4417; x_wconf 83' lang='lat' dir='ltr'><strong>dc</strong></span> <span class='ocrx_word' id='word_1_381' title='bbox 347 4364 391 4416; x_wconf 74' lang='lat' dir='ltr'><strong>his</strong></span> <span class='ocrx_word' id='word_1_382' title='bbox 405 4365 483 4418; x_wconf 79' lang='lat' dir='ltr'><strong>rebus</strong></span> <span class='ocrx_word' id='word_1_383' title='bbox 495 4365 581 4417; x_wconf 76' lang='lat' dir='ltr'><strong>tradit</strong></span> <span class='ocrx_word' id='word_1_384' title='bbox 593 4364 650 4418; x_wconf 80' lang='lat' dir='ltr'><strong>Ich.</strong></span> <span class='ocrx_word' id='word_1_385' title='bbox 664 4364 695 4414; x_wconf 87' lang='lat' dir='ltr'><strong>de</strong></span> <span class='ocrx_word' id='word_1_386' title='bbox 707 4364 809 4416; x_wconf 79' lang='lat' dir='ltr'><strong>Moesis</strong></span> <span class='ocrx_word' id='word_1_387' title='bbox 821 4363 867 4421; x_wconf 85' lang='lat' dir='ltr'><strong>col.</strong></span> <span class='ocrx_word' id='word_1_388' title='bbox 881 4365 934 4418; x_wconf 83' lang='lat'><strong>459</strong></span> <span class='ocrx_word' id='word_1_389' title='bbox 947 4388 979 4405; x_wconf 96' lang='lat'>=</span> <span class='ocrx_word' id='word_1_390' title='bbox 993 4362 1135 4428; x_wconf 74' lang='lat' dir='ltr'><strong>Aquzzarr&#39;</strong></span> <span class='ocrx_word' id='word_1_391' title='bbox 1143 4377 1171 4427; x_wconf 84' lang='lat' dir='ltr'><strong>p.</strong></span> <span class='ocrx_word' id='word_1_392' title='bbox 1181 4362 1216 4416; x_wconf 82' lang='lat'><strong>21</strong></span> <span class='ocrx_word' id='word_1_393' title='bbox 1226 4376 1264 4427; x_wconf 81' lang='lat' dir='ltr'><strong>sq.</strong></span> 
     </span>
     <span class='ocr_line' id='line_1_45' title="bbox 146 4433 1264 4504; baseline -0.004 -14"><span class='ocrx_word' id='word_1_394' title='bbox 146 4437 175 4504; x_wconf 81' lang='lat'><strong>2)</strong></span> <span class='ocrx_word' id='word_1_395' title='bbox 196 4434 348 4502; x_wconf 76' lang='lat' dir='ltr'><strong>Imperator</strong></span> <span class='ocrx_word' id='word_1_396' title='bbox 360 4437 460 4502; x_wconf 75' lang='lat' dir='ltr'><strong>potius.</strong></span> <span class='ocrx_word' id='word_1_397' title='bbox 532 4437 560 4503; x_wconf 88' lang='lat'><strong>3)</strong></span> <span class='ocrx_word' id='word_1_398' title='bbox 581 4435 744 4501; x_wconf 73' lang='lat' dir='ltr'><strong>Rivalpcrii.</strong></span> <span class='ocrx_word' id='word_1_399' title='bbox 816 4434 846 4503; x_wconf 88' lang='lat'><strong>4)</strong></span> <span class='ocrx_word' id='word_1_400' title='bbox 865 4433 937 4496; x_wconf 75' lang='lat' dir='ltr'><strong>Quae</strong></span> <span class='ocrx_word' id='word_1_401' title='bbox 954 4433 1010 4496; x_wconf 74' lang='lat' dir='ltr'><strong>fuit</strong></span> <span class='ocrx_word' id='word_1_402' title='bbox 1024 4433 1127 4500; x_wconf 80' lang='lat' dir='ltr'><strong>pascha</strong></span> <span class='ocrx_word' id='word_1_403' title='bbox 1145 4449 1171 4486; x_wconf 84' lang='lat' dir='ltr'><strong>a.</strong></span> <span class='ocrx_word' id='word_1_404' title='bbox 1186 4433 1264 4487; x_wconf 79' lang='lat'>1220.</span> 
     </span>
    </p>
   </div>
   <div class='ocr_carea' id='block_1_7' title="bbox 0 0 1486 4936">
    <p class='ocr_par' dir='ltr' id='par_1_16' title="bbox 0 0 1486 4936">
     <span class='ocr_line' id='line_1_46' title="bbox 0 0 1486 4936; baseline 0 4"><span class='ocrx_word' id='word_1_405' title='bbox 0 0 1486 4936; x_wconf 95' lang='lat' dir='ltr'><strong> </strong></span> 
     </span>
    </p>
   </div>
  </div>
 </body>
</html>
