2962 4936
315 445 506 502 IOHANNIS
525 445 772 501 CODAGNELLI
790 447 970 502 ANNALES
989 448 1024 504 A.
1038 451 1117 505 1208.
1237 453 1271 504 33

152 635 188 711 et
207 629 341 695 iustus1
357 633 393 694 et
411 629 581 693 iustitiam
602 633 637 694 et
655 631 825 694 rationem
841 631 1027 714 unicuique
1043 633 1271 696 manutenens
1291 639 1367 693 1208.

153 724 188 785 et
217 719 267 782 nil
297 718 495 802 relinquens
518 718 680 794 inultum,
714 719 846 783 *volens
876 719 1048 783 mirabilia
1078 740 1140 783 sua
1169 740 1272 804 super
1290 742 1378 791 *ersa

152 813 245 872 tama
280 807 426 891 pessimo
462 810 497 872 et
531 807 664 872 crudeli
695 808 790 872 facto
825 809 983 872 omnibus
1016 811 1269 893 pernotescere:

152 897 279 962 accidit
292 896 409 960 divina
425 895 591 980 potentia,
609 897 700 979 quod
717 896 875 960 dominus
888 897 1070 981 Philippus
1086 919 1107 960 a
1122 898 1268 981 quodam

114 1012 127 1050 5
151 986 261 1050 nobili
283 985 438 1069 principe
460 985 684 1068 Antegrad02
707 986 856 1063 nomine,
887 985 958 1050 filio
987 986 1108 1050 cuius3
1130 1007 1270 1051 uxorem

152 1074 258 1138 filiam
289 1094 386 1138 suam
418 1074 524 1150 dedit,
558 1077 677 1158 postea
707 1074 739 1137 ei
761 1073 902 1150 tulerat,
935 1077 1126 1138 commotus
1153 1076 1205 1138 ira
1235 1078 1271 1140 et

151 1163 270 1228 dolore
293 1165 398 1244 atque
422 1156 623 1240 dedecorel,
647 1163 782 1226 intrans
797 1163 833 1226 in
850 1162 1038 1240 triclini0⁰‚
1062 1164 1190 1247 inquo
1214 1165 1270 1228 do·

151 1253 265 1316 minus
280 1251 464 1336 Philippus
486 1252 642 1314 infirmus
663 1252 809 1328 iacebat,
833 1254 949 1316 tactus
965 1252 1118 1335 maligno
1134 1253 1268 1336 spiritu,

150 1341 267 1425 gladio
298 1343 350 1405 est
380 1360 458 1404 eum
481 1340 683 1404 vulneratus
715 1344 750 1405 et
773 1341 980 1405 interfectus
1003 1361 1120 1405 mense
1144 1341 1237 1406 Iulio
1246 1342 1268 1415 4,
1287 1331 1349 1426 52¹?
1360 1332 1404 1381 ²¹²·

107 1457 133 1494 ιο
151 1431 321 1495 existente
352 1429 445 1494 dicto
475 1429 674 1513 patriarcha
706 1429 820 1493 adhuc
843 1430 880 1492 in
904 1430 1045 1494 civitate
1068 1430 1268 1494 Mediolani.

151 1517 284 1598 Quibus
306 1519 357 1582 ita
381 1519 528 1602 peractis
552 1518 711 1582 dominus
733 1516 827 1595 ouo,
851 1518 1085 1583 Romanorum
1107 1539 1177 1596 rex,
1202 1519 1268 1582 Do·

150 1608 234 1671 mini
257 1608 292 1672 vi
314 1609 522 1691 potestatem
546 1607 655 1671 totius
671 1606 852 1671 Alamanie
876 1608 1073 1691 occupavit3
1097 1608 1269 1692 principes

150 1716 284 1780 quoque
308 1700 379 1759 tam
405 1695 521 1760 clerici
540 1716 641 1778 quam
658 1696 739 1760 laici
754 1697 821 1780 ipsi
837 1696 1041 1761 fidelitatem
1057 1697 1267 1761 iuraverunt.

150 1786 269 1850 Mense
291 1805 372 1849 vero
395 1785 579 1849 Decembri
608 1786 764 1868 proximo
787 1785 896 1868 legati
918 1785 1109 1849 Mediolani
1136 1788 1172 1850 et
1195 1785 1269 1850 Pla·
1289 1812 1339 1851 aa.

107 1901 132 1939 15
150 1875 263 1939 centie
287 1876 323 1938 et
346 1873 492 1938 aliorum
515 1874 703 1937 amicorum
727 1894 845 1938 eorum
868 1877 972 1958 atque
988 1874 1211 1958 Papiensium
1235 1878 1270 1939 et

151 1961 433 2027 Cremonensium
457 1962 565 2045 legati
588 1962 623 2025 in
640 1963 825 2026 Alamania
841 1964 885 2027 ad
909 1964 1087 2027 dominum
1104 1962 1268 2028 Ottonem

149 2072 264 2136 regem
300 2071 494 2135 perrexere;
529 2070 645 2115 mense
678 2073 760 2116 vero
795 2052 959 2116 Ianuario
992 2053 1085 2136 apud
1120 2073 1198 2117 eum
1233 2053 1269 2115 in
1289 2046 1366 2153 {20st

150 2140 322 2223 colloquio
344 2140 471 2204 fuerel.
1303 2126 1339 2157 “¹

256 2228 343 2293 Cum
374 2229 563 2293 Brisienses
597 2229 641 2293 ab
678 2228 856 2293 obsidione
887 2228 1031 2294 Suncini
1066 2229 1237 2293 redissent
1246 2230 1267 2305 ⁴⁵,
1287 2214 1404 2332 2295).

104 2319 271 2402 mingens
294 2318 418 2382 seditio
447 2318 539 2382 inter
561 2317 728 2402 populum
759 2320 794 2382 et
825 2317 952 2382 milites
977 2317 1092 2382 Brixie
1121 2317 1192 2380 fuit
1221 2318 1268 2380 in·

150 2409 267 2490 cepta;
292 2401 426 2471 multa(l
445 2427 580 2490 quoque
604 2406 713 2491 prelia
737 2409 772 2470 et
795 2406 983 2470 homicidia
1005 2407 1043 2469 in
1067 2406 1209 2470 civitate
1232 2408 1268 2471 et

149 2517 210 2580 per
240 2496 437 2560 districtum
467 2516 584 2560 eorum
608 2499 690 2559 sunt
713 2498 868 2579 peracta;
905 2495 1008 2558 multi
1042 2496 1085 2559 ab
1120 2498 1267 2578 utraque

149 2587 248 2669 parte
272 2588 354 2648 sunt
385 2585 479 2668 capti
503 2587 547 2662 et,
580 2584 672 2668 quod
702 2584 858 2666 iniquum
888 2584 1035 2661 videtur,
1066 2584 1102 2647 in
1133 2604 1267 2649 carcere

148 2673 284 2738 reclusi.
323 2673 490 2737 Videntes
514 2676 631 2738 autem
654 2672 782 2738 milites
805 2672 1040 2757 magnitudini
1055 2673 1176 2757 populi
1197 2693 1267 2737 non

104 2788 131 2829 2⁵
149 2783 248 2846 posse
270 2762 439 2839 resistere,
465 2763 639 2827 civitatem
665 2761 832 2826 Cremone
856 2762 1059 2827 accedentes
1083 2782 1161 2826 cum
1184 2761 1267 2845 ipsis

137 2850 436 2916 Cremonensibus
460 2871 495 2915 se
510 2851 721 2928 iuraverunt,
747 2852 806 2934 qui
822 2851 1031 2915 adiutorium
1049 2851 1097 2914 eis
1113 2853 1266 2934 prestare
1285 2870 1390 2919 (noo-⁹).

148 2944 363 3004 sacramento
380 2941 603 3004 firmaverunt
615 2940 634 3003 ⁷.
670 2938 828 3019 Quadam
840 2960 920 3004 vero
933 2940 1007 3004 vice
1024 2960 1102 3003 cum
1118 2939 1266 3023 populus
1286 2952 1364 3005 1201.

149 3029 265 3094 Brixie
289 3050 367 3093 cum
391 3030 524 3093 carocio
549 3031 646 3094 extra
661 3029 836 3093 civitatem
854 3027 946 3092 *cum
963 3028 1132 3092 militibus
1149 3048 1266 3092 eorum
1285 3057 1318 3104 af.
1329 3054 1376 3097 reb.

148 3119 193 3182 ad
217 3117 443 3202 pugnandum
474 3119 640 3194 exierunt,
672 3117 758 3181 dicti
787 3116 915 3182 milites
944 3116 1038 3181 illico
1063 3116 1266 3181 Cremonam

103 3235 130 3275 so
148 3209 341 3291 pergentes,
367 3206 532 3269 auxilium
555 3207 598 3270 ab
616 3207 674 3283 eis,
698 3210 801 3290 prout
816 3206 1035 3282 tenebantur,
1060 3205 1265 3288 petientesfl.

149 3293 217 3374 Qui
233 3294 479 3360 Cremonenses
503 3297 575 3359 tam
600 3295 727 3358 milites
751 3314 853 3377 quam
876 3294 1010 3378 pedites
1035 3313 1112 3357 cum
1132 3294 1265 3358 carocio
1285 3324 1364 3371 (Aa.)

148 3470 171 3516 a)
184 3469 308 3516 emendavi,¹
322 3467 357 3506 lrd
366 3478 384 3509 c.
389 3479 400 3519 ‚·
413 3469 441 3515 er.
453 3467 489 3511 (Ν,
499 3465 587 3506 Arehlv'
596 3467 659 3517 XVI,
666 3478 691 3516 p.
702 3467 749 3515 293,
758 3477 780 3509 n.
786 3467 807 3515 2,
817 3477 915 3516 suprap.
922 3466 942 3515 8,
952 3477 975 3508 n.
983 3477 1004 3506 a.
1046 3464 1069 3515 b)
1079 3467 1160 3505 emend.
1170 3467 1195 3504 H
1203 3467 1267 3513 ·Br.,·

148 3521 230 3563 decore
244 3533 263 3566 c.
313 3521 333 3571 c)
347 3521 433 3560 ticlinio
443 3525 495 3570 post
509 3533 566 3560 corr.
582 3520 680 3560 triclinio
695 3531 711 3562 c.
761 3518 785 3570 d)
803 3520 885 3563 emend.
899 3520 995 3562 H.-Br..·
1009 3519 1071 3558 nulla
1084 3530 1101 3561 c.
1152 3517 1173 3569 e)
1190 3520 1221 3558 sic
1234 3530 1266 3566 1.,-

148 3573 245 3622 Codaqn.
260 3585 324 3624 saepo
337 3575 459 3624 participio
476 3575 534 3622 fulco
552 3585 604 3613 ueras
622 3578 652 3612 est
668 3578 691 3611 ut
705 3573 768 3620 infra
777 3584 803 3622 p.
814 3574 847 3623 34,
862 3574 877 3611 l.
889 3573 922 3622 19,
933 3585 958 3622 p.
968 3573 1001 3621 35,
1016 3573 1032 3614 l.
1042 3572 1075 3622 31,
1086 3584 1113 3621 1¹·
1123 3572 1157 3622 36,
1172 3573 1186 3615 l.
1196 3573 1215 3614 2.
1229 3576 1266 3614 etc.

102 3731 129 3771 ss
149 3715 176 3786 1)
206 3715 272 3768 Vide
297 3716 360 3769 hooc
381 3717 459 3768 verba
491 3717 546 3768 alio
579 3717 631 3768 loco
661 3733 679 3768 a
705 3715 862 3781 Codapnello
890 3715 962 3767 dicta
987 3715 1030 3769 ίΝ.
1051 3714 1160 3766 Archiv’
1184 3714 1265 3778 XVI,

143 3804 174 3854 p.
187 3789 248 3842 263.
267 3789 328 3842 293.
348 3790 408 3842 502.
498 3789 527 3852 2)
556 3787 659 3839 Ouonis
683 3787 715 3839 dc
739 3786 908 3838 Wittelsdacb
932 3786 1041 3838 titulum
1066 3784 1265 3854 phalenzgrave

148 3858 188 3910 vel
201 3860 292 3926 potius
309 3858 460 3926 lantgrave,
482 3863 513 3910 ut
534 3874 552 3909 a
570 3859 663 3909 mobis
680 3857 759 3910 Italis
777 3857 847 3921 falso
865 3857 1001 3909 dicebatur
1019 3861 1060 3919 (ut
1077 3857 1150 3908 Ana.
1168 3857 1264 3922 Mant,

148 3929 195 3987 SS,
208 3929 290 3995 XIX,
306 3933 396 3997 1220:
417 3928 600 3996 lantegrado),
621 3929 802 3994 Codaqnellus,
822 3934 852 3980 ut
866 3930 947 3980 ctiam
959 3929 1011 3979 alii
1021 3935 1140 3980 auena
1151 3929 1264 3992 externi,

144 4015 199 4067 pro
216 4003 321 4053 nomino
332 4003 449 4068 prmo
460 4000 562 4054 habuit.
617 4000 645 4068 3)
665 4000 758 4051 Potius
770 4001 825 4068 ipsi
837 3999 941 4062 Ottoni,·
959 3999 994 4062 cf.
1011 3999 1199 4050 Winlcelmann
1216 3999 1232 4052 l.
1248 3999 1264 4051 l.

103 4069 1268 4209 ⁴⁰estus}asseras-sabeldissiluisse?

154 4212 185 4278 V,
204 4217 345 4268 naama.
408 4213 436 4281 6)
459 4214 501 4278 Cf.
520 4230 605 4280 supra
622 4232 649 4280 p.
662 4216 706 4279 27,
726 4213 742 4267 l.
755 4215 790 4267 20
803 4229 857 4279 sqq.
930 4215 957 4280 7)
984 4212 1026 4276 Cf.
1046 4217 1149 4262 canum
1173 4211 1266 4262 datam

148 4300 174 4338 a.
188 4286 266 4340 1200.
285 4286 346 4338 Dec.
360 4287 385 4350 9,
414 4284 528 4348 Odorici,
552 4285 649 4336 ‘Storic
673 4283 829 4336 Braecicne'
848 4284 893 4349 VI,
915 4300 945 4349 p.
968 4284 1121 4348 109-112,
1147 4297 1190 4336 nr.
1204 4284 1264 4336 214.

148 4355 226 4422 (Rea.
243 4356 312 4422 Imp.
330 4355 361 4420 V,
380 4371 424 4409 nr.
439 4358 534 4420 12213,
559 4355 629 4422 quod
646 4355 677 4409 L.
696 4355 840 4420 Astepiano
858 4357 889 4405 in
908 4355 968 4408 Cod.
988 4355 1054 4420 dipl.
1075 4354 1194 4408 Cromen.
1212 4368 1265 4405 non

103 4440 130 4482 se
148 4428 262 4492 repetiit,
277 4427 375 4494 procul
391 4426 471 4478 dictio
489 4427 537 4478 illo
555 4428 607 4479 loco
625 4426 765 4478 delendum
782 4427 840 4491 est).

201 4530 358 4582 Codagnellus.
1024 4533 1047 4584 ᾖ
