2978 4928
299 438 491 497 IOHANNIS
509 438 756 495 eonsensum
774 438 956 493 ANNALES
974 438 1010 495 A.
1025 442 1103 496 1216.
1236 443 1270 495 57

153 628 330 691 cesserunt
352 627 388 689 et
407 624 622 689 Placentiam
646 622 858 695 redierunt⁸,
882 623 1040 687 videntes
1065 626 1100 686 et
1124 623 1271 687 scientes
1291 628 1368 682 lala

153 715 242 798 quod
274 713 477 798 inceperant
507 715 648 796 propter
677 732 801 793 aquam
825 710 911 773 Padi
935 712 1107 776 adfinem
1131 713 1271 775 minime

153 804 339 887 perducere
362 821 471 886 posse.

258 891 325 954 Die
341 890 513 954 dominico
529 889 693 975 proximo,
708 887 769 951 VI.
788 888 866 951 Kal.
882 888 966 951 Iulii
982 891 1128 973 proximi
1144 891 1271 954 Medio·
1291 912 1341 954 run.
1351 914 1382 955 ao.

121 1001 132 1040 s
152 980 310 1045 lunenses
330 978 458 1043 milites
478 981 514 1042 et
534 978 669 1062 pedites
692 971 888 1042 civitatemb
909 978 1098 1042 Mediolani
1115 980 1272 1044 exierunt

152 1069 206 1133 die
222 1069 323 1133 Luae
346 1071 383 1132 et
406 1067 462 1132 die
478 1067 601 1131 Martis
625 1068 669 1130 ad
693 1069 833 1150 pontem
859 1067 901 1130 de
917 1067 1036 1131 Ticino
1052 1088 1088 1132 se
1105 1070 1271 1132 coaduna·
1292 1089 1427 1134 aaran.

151 1177 240 1234 vere,
278 1157 334 1221 die
363 1156 528 1221 Mercurii
561 1156 599 1218 in
633 1155 863 1218 Lumilinam⁰
891 1158 1019 1218 terram
1051 1157 1271 1240 Papiensium
1293 1178 1381 1221 rums.

151 1246 369 1313 inimicorum
393 1264 512 1309 eorum
536 1245 787 1327 equitaverunt,
819 1245 952 1326 segetes
976 1248 1012 1308 et
1035 1244 1143 1308 linum
1169 1250 1204 1309 et
1228 1246 1270 1308 le·

151 1334 304 1418 gumiua,
340 1353 425 1417 quas
460 1336 496 1398 et
530 1353 596 1416 qne
630 1333 846 1408 invenerunt,
883 1335 919 1396 et
954 1333 1072 1397 domos
1107 1338 1142 1397 et
1171 1333 1271 1397 villas

111 1447 135 1486 ro
150 1423 394 1488 rehedificatas
429 1422 675 1487 destruxerunt
710 1419 760 1484 *et
796 1421 1040 1496 conbuserunt,
1080 1426 1116 1485 et
1150 1423 1201 1485 ita
1235 1423 1271 1484 in
1292 1444 1376 1490 nso.

151 1505 385 1575 Lumilinamd
412 1512 629 1575 destruentes
660 1514 695 1573 et
726 1510 955 1573 conburentes
985 1530 1026 1574 ea
1055 1511 1171 1574 omnia
1205 1531 1271 1592 que

150 1601 200 1664 ibi
222 1600 441 1677 invenerunt,
465 1601 639 1664 steterunt
661 1599 697 1661 in
716 1599 791 1682 ipsa
810 1602 902 1662 terra
918 1619 1025 1681 usque
1041 1599 1130 1663 diem
1149 1600 1271 1662 Martis
1292 1621 1363 1665 nra.

150 1688 333 1763 venientis,
358 1691 543 1771 antequam
568 1688 661 1751 domi
684 1689 829 1770 regressi
852 1688 932 1750 sint.

63 1791 134 1842 bns.
260 1775 467 1841 *MOOXVL
499 1796 615 1841 mense
638 1776 722 1839 Iulii
753 1777 839 1841 obiit
867 1799 956 1861 papa
980 1778 1205 1842 Innocentius
1235 1778 1271 1840 in
1291 1790 1403 1837 ncnc.

109 1891 134 1932 rs
151 1866 295 1932 civitate
310 1865 446 1942 Perose‚
470 1869 506 1930 et
530 1865 664 1930 levatus
686 1866 757 1928 fuit
780 1886 871 1949 papa
887 1866 1071 1944 Honorius,
1096 1869 1155 1950 qni
1177 1889 1271 1932 voca·

152 1956 257 2020 batur
280 1955 415 2018 Zinzius
438 1954 686 2036 camerlengus.

260 2042 452 2119 MOOXVL
477 2043 668 2107 indictione
692 2043 781 2119 ΙΙΙΙ,
807 2044 862 2107 die
887 2044 1057 2109 dominico
1082 2046 1165 2108 XII.
1191 2046 1270 2109 Kal.
1291 2064 1390 2111 Aaou

152 2131 388 2216 Septembrisl
402 2132 530 2196 milites
546 2135 582 2196 et
598 2132 731 2215 pedites
748 2133 790 2196 de
802 2136 951 2214 quatuor
962 2135 1069 2216 portis
1082 2134 1271 2198 Mediolani

153 2241 232 2286 cum
248 2224 347 2304 parte
364 2221 584 2285 commitatus
600 2241 727 2297 eornm,
742 2220 977 2284 Vercellenses
994 2225 1028 2284 et
1045 2222 1271 2285 Novarierrsos

108 2337 136 2377 ao
152 2309 282 2374 milites
312 2314 349 2374 et
378 2310 512 2393 pedites
543 2331 621 2374 cum
651 2309 745 2373 omni
774 2312 877 2391 gente
908 2312 943 2372 et
965 2310 1072 2373 fortia
1095 2330 1210 2373 eornm
1236 2315 1271 2373 st

152 2419 232 2463 cum
262 2399 397 2472 caretis,
429 2399 608 2481 manganis
639 2401 673 2462 et
706 2398 872 2481 predariis
896 2401 931 2461 et
955 2399 1075 2462 castris
1099 2398 1269 2480 lignorum

153 2491 189 2551 et
220 2488 384 2570 pontibus
414 2488 632 2551 intraverunt
662 2487 698 2549 in
722 2486 929 2550 anilinam
962 2489 998 2550 et
1026 2487 1117 2551 circa
1139 2490 1269 2549 turrem

154 2575 197 2640 de
220 2575 415 2660 Rodobligo
439 2577 701 2640 castramentati
726 2576 834 2651 fuere,
866 2597 1008 2659 eamque
1038 2579 1167 2640 turrem
1193 2596 1269 2639 cum

154 2665 334 2748 manganis
358 2668 394 2729 et
417 2665 583 2748 predariis
602 2664 749 2729 viriliter
773 2669 1066 2749 expugnaverunt.
1108 2665 1172 2729 Die
1191 2685 1271 2729 vero

108 2753 327 2821 indominica
356 2754 523 2836 sequenti,
548 2753 609 2816 VI.
633 2754 713 2816 Kal.
738 2754 971 2838 Septembris²
1000 2775 1076 2818 eam
1107 2757 1441 2839 ceperuntanaaaa

154 2846 191 2906 et
213 2842 421 2919 habuerunt,
452 2843 562 2925 ipsam
593 2863 728 2926 quoque
752 2844 997 2907 destruxerunt
1021 2846 1056 2907 et
1079 2844 1271 2908 diruerunt.

155 2930 290 2996 Deinde
314 2932 436 2995 semoti
461 2931 551 2995 circa
574 2931 686 2995 locum
713 2932 755 2996 de
777 2932 966 2995 Sarturana
989 2953 1051 2996 sua
1074 2934 1177 2997 fixere
1200 2938 1272 2997 ten-

154 3020 258 3097 toria;
276 3040 376 3103 quem
394 3020 508 3083 locum
525 3015 749 3084 obsideruntl
765 3023 800 3083 et
817 3025 1108 3103 expugnaverunt,
1127 3022 1163 3084 in
1176 3022 1272 3085 cuius

154 3107 332 3173 obsidione
362 3112 536 3172 steterunt
565 3129 626 3192 per
655 3108 851 3191 quindecim
882 3109 954 3172 dies
985 3113 1020 3173 et
1050 3110 1138 3193 plus.
1187 3109 1272 3174 Cum

109 3224 137 3265 so
155 3200 271 3262 antem
295 3197 463 3261 vidissent
493 3201 528 3261 et
558 3197 798 3279 cognovissent
827 3196 958 3258 dictum
981 3197 1093 3260 locum
1120 3221 1181 3282 per
1204 3200 1272 3263 vim

156 3286 276 3351 haberi
299 3286 439 3350 minime
463 3306 571 3369 posse,
597 3285 640 3349 ab
660 3285 755 3348 illins
772 3284 839 3347 loci
854 3284 1032 3348 obsidione
1048 3290 1272 3350 secesserunt.

262 3373 456 3439 MOOXVI.
470 3374 550 3438 VH.
567 3373 646 3437 Kal.
660 3373 871 3457 Septembris
884 3371 1129 3436 Cremonenses
1145 3374 1273 3437 milites
1293 3393 1349 3440 Aua.
1360 3392 1393 3434 ro.

157 3466 192 3527 et
226 3465 360 3547 pedites
396 3485 474 3528 oum
508 3463 602 3527 omni
636 3467 740 3545 gente
776 3464 811 3525 et
840 3461 951 3525 forcia
981 3480 1099 3524 eorum
1129 3465 1164 3525 et
1196 3483 1274 3525 cnm

157 3552 293 3616 cariolis
324 3553 491 3617 desubtus
520 3573 541 3615 a
570 3549 805 3614 Castro-novo
835 3550 871 3613 in
903 3549 1072 3613 Sarmuris
1106 3551 1273 3633 hospitati

111 3666 138 3709 ss
156 3640 309 3705 fuerunt.
356 3642 477 3707 Altera
500 3660 580 3704 vero
612 3640 667 3704 die
691 3639 895 3703 Parmexani
926 3638 1053 3702 milites
1082 3642 1116 3703 et
1141 3639 1274 3722 pedites
1294 3657 1391 3706 Anat.

157 3749 235 3793 cum
264 3728 400 3794 cariolis
431 3734 467 3794 et
497 3751 576 3794 cum
606 3730 699 3793 omni
727 3731 831 3810 gente
855 3749 973 3792 eorum
1002 3732 1037 3792 et
1059 3729 1274 3793 Mutinenses

158 3815 209 3882 *et
231 3819 424 3896 Mantuani,
455 3818 582 3902 quiin
612 3837 730 3881 eorum
752 3821 919 3880 venerant
949 3837 1121 3892 succursu,
1155 3839 1194 3882 ea
1220 3818 1274 3882 die
1294 3842 1380 3891 aare

156 3906 195 3969 in
232 3908 307 3991 ipsa
344 3908 562 3974 intraverunt
601 3905 829 3989 expeditione.
889 3905 954 3970 Die
988 3927 1068 3969 vero
1103 3908 1276 3970 dominica

158 4077 181 4174 :2
199 4081 281 4119 mend.
301 4081 378 4128 Parin·
397 4081 530 4128 placentinis
550 4076 698 4120 reddiderunt
715 4090 747 4126 c.,·
765 4078 793 4125 cf.
806 4089 875 4128 supra
889 4089 915 4127 p.
930 4077 963 4128 52,
983 4079 997 4121 l.
1011 4079 1043 4121 20.
1110 4077 1133 4130 b)
1152 4080 1276 4126 namnam

112 4137 141 4177 40
179 4133 256 4174 uitatis
271 4145 300 4184 c.;
322 4134 350 4181 cs.
360 4134 428 4182 nto,
443 4135 499 4177 ΗΒ,
554 4134 575 4181 c)
590 4133 720 4172 lumlnlnsm
734 4133 757 4174 h.
771 4132 786 4175 i.
799 4143 817 4175 c.
871 4129 895 4183 d)
908 4133 939 4170 an
953 4143 970 4174 a

160 4275 186 4341 l)
205 4275 257 4327 Dic
267 4277 338 4341 Any.
351 4277 394 4329 23.
407 4274 616 4327 Mediolanenses
632 4276 756 4326 Ticinum
773 4277 886 4340 {invium
905 4276 1045 4327 transiisse
1056 4274 1179 4338 referunt
1191 4273 1221 4323 N
1221 4280 1277 4326 oica

161 4345 189 4399 S.
209 4344 439 4412 coaptandas.
460 4346 477 4400 i.
496 4346 513 4399 i.
604 4346 633 4413 2)
653 4348 723 4412 Any.
736 4347 779 4400 27.
800 4347 854 4409 snit
872 4362 897 4399 a.
912 4348 989 4401 1215.
1009 4345 1155 4399 sabbatum.
1192 4346 1276 4409 Infra

155 4432 185 4481 p.
199 4417 242 4480 ts,
262 4419 279 4471 i.
294 4420 317 4472 1.
337 4416 400 4467 aaa
417 4415 472 4466 dias
490 4415 624 4467 dominica
641 4423 708 4469 recia
728 4418 758 4476 V,
778 4416 841 4471 Kal.
862 4417 931 4484 Sept.
949 4417 1034 4480 fnisse
1051 4416 1158 4469 dicitnr.
