2962 4936
221 399 282 455 XII
664 398 894 456 PRAEFATIO.

222 581 340 648 adduci
362 602 506 662 possum,
537 602 636 662 neque
665 581 717 646 bis
746 581 823 646 locis
852 582 1027 648 arationem
1058 583 1342 667 Oodapnellianam

222 691 367 754 apnosco.
413 670 460 734 Et
493 691 561 735 cum
596 670 709 734 borum
738 671 876 736 locorum
903 672 1114 751 conformatio
1148 681 1243 739 antea
1277 695 1342 737 non

220 758 410 842 reperiatur,
440 781 497 824 neo
527 765 608 824 certo
637 759 736 824 statui
759 766 861 841 potest
889 782 941 825 eos
970 762 1139 827 annalium
1169 769 1263 828 antea
1293 783 1342 826 eu-

221 848 411 929 scriptorum
433 854 560 929 partem
589 848 699 928 fuisse,
730 850 786 913 sed
806 849 904 929 focile
926 849 1001 930 fieri
1018 851 1131 933 potuit,
1162 858 1197 916 ut
1224 851 1342 932 Oodao-

221 938 324 1003 nellus
339 937 479 1002 diuersos
494 939 630 1002 annales
644 939 692 1002 uel
707 937 835 1003 diuersa
850 939 1107 1006 commentariola
1122 939 1311 1022 conpesserit
1320 941 1340 1004 1.

223 1027 288 1093 Sed
316 1028 356 1090 ab
386 1049 416 1091 a.
444 1032 539 1090 1189.
570 1026 679 1091 omnia
708 1026 852 1092 oratione
880 1026 1132 1110 Oodapnelliana
1165 1028 1343 1110 conseripta

221 1122 304 1194 sunt,
329 1121 364 1179 ut
386 1117 426 1180 ab
449 1116 506 1180 leoc
528 1116 596 1195 sere
619 1137 705 1180 anno
728 1116 797 1181 iam
816 1138 882 1181 nou
905 1117 991 1182 alius
1011 1117 1175 1200 scriptoris
1193 1139 1343 1182 commen·

223 1204 323 1271 turios
344 1211 467 1270 secutus
489 1226 554 1270 esse
576 1204 730 1270 uideatur.

335 1292 543 1376 Codapnellus
558 1293 761 1376 potissimum
784 1293 901 1360 ciuium
918 1294 1180 1360 Placentinorum
1206 1316 1244 1360 ac
1266 1297 1343 1359 dua·

222 1405 293 1448 rum
311 1382 455 1464 partium
478 1383 767 1448 Lombardicarum
791 1384 1007 1464 aduersarum,
1037 1383 1197 1466 imprimis
1219 1383 1342 1448 Medio·

223 1471 412 1553 lunensium,
437 1471 593 1536 sociorum
616 1471 753 1552 illorum,
779 1477 808 1536 et
828 1470 1086 1537 Cremonensium
1103 1472 1342 1538 Parmensium·

222 1583 280 1643 que
303 1559 439 1625 bostium
461 1581 513 1624 res
530 1565 644 1642 postas,
661 1566 794 1640 praeter
809 1561 868 1624 bas
886 1560 1084 1641 paucissima
1099 1561 1168 1627 alia
1183 1561 1341 1628 narrauit.

223 1651 456 1731 Imperatorum
479 1669 531 1712 res
552 1649 670 1712 multas
690 1647 728 1712 in
751 1647 959 1729 Lombardia,
990 1650 1178 1715 rarissimas
1207 1651 1243 1715 in
1266 1650 1343 1715 aliis

215 1736 397 1819 prouinciis
412 1736 532 1800 Italiae
546 1743 651 1818 pestus
665 1736 783 1800 retulit.
823 1737 1016 1816 Pontificum
1033 1759 1227 1803 summorum
1242 1738 1343 1804 obitus

222 1833 252 1891 et
273 1826 435 1891 electiones
458 1824 583 1905 quidem
607 1824 780 1906 adnotavit,
805 1832 929 1890 caetera
952 1832 1075 1891 tantum
1097 1848 1178 1909 auae
1194 1828 1232 1892 iu
1250 1828 1343 1891 rebus

222 1913 423 1980 Placentinis
446 1935 484 1978 ac
507 1912 730 1978 Lombardicis
756 1914 913 1996 cesserint
940 1915 988 1979 uel
1010 1936 1090 1996 quae
1113 1918 1158 1980 ad
1178 1938 1229 1980 res
1252 1916 1343 1980 Lom-

223 2003 373 2069 burdicas
401 2002 627 2084 pertinuerint.
682 2003 746 2068 Sed
777 2003 916 2069 soliisma
947 2025 1098 2086 mapnum
1125 2007 1165 2070 ab
1198 2006 1343 2069 electione

221 2091 406 2157 Aleuandri
420 2092 498 2156 ΙΙΙ.
521 2097 623 2156 ortum
646 2092 733 2156 nullo
755 2094 855 2175 aerbo,
880 2092 1107 2175 inpeditionem
1125 2114 1252 2159 sacram
1267 2093 1343 2158 Fri·

222 2180 324 2247 derioi
339 2181 369 2245 I.
387 2187 480 2263 atque
502 2181 765 2263 enpnpnationem
785 2182 1171 2265 Constantinopolitanam
1186 2182 1343 2247 leuissimo

221 2272 313 2335 aerbo
338 2267 381 2352 (p.
401 2277 440 2334 18
457 2290 501 2352 sq.
528 2272 586 2354 30)
611 2270 725 2353 attipit,
757 2272 931 2337 obsidionis
957 2278 987 2336 et
1008 2271 1253 2354 eupupnationis
1275 2271 1343 2335 Da-

221 2359 339 2424 miatae
355 2367 526 2442 propterea
548 2362 669 2425 breuem
692 2361 879 2427 mentionem
902 2360 986 2442 fecit,
1014 2361 1093 2443 quia
1115 2361 1182 2442 ipse
1204 2360 1341 2425 libellum

222 2451 260 2514 de
289 2449 349 2513 lae
378 2449 504 2513 ciuitate
533 2454 714 2531 eupupnata
743 2450 981 2531 conscripserat,
1008 2451 1174 2532 prolapum
1204 2449 1272 2514 eius
1305 2448 1343 2513 in

222 2537 408 2602 Annalibus
436 2543 578 2618 repetens
609 2533 653 2618 (p.
675 2539 745 2620 68).
803 2537 968 2603 Caeterum
995 2541 1115 2604 Terrae
1146 2539 1282 2603 Sanctae
1315 2544 1344 2601 et

222 2625 364 2691 aliarum
380 2632 541 2690 terrarum
555 2646 607 2689 res
623 2624 750 2689 omnino
766 2647 830 2690 non
848 2627 914 2691 nisi
929 2648 993 2691 uno
1009 2628 1074 2692 loco
1089 2626 1183 2705 infra
1195 2649 1230 2707 p.
1244 2632 1342 2690 XIII.

222 2714 304 2779 dicto
327 2713 471 2796 respersit.

331 2804 441 2884 Neque
463 2803 559 2868 etiam
581 2824 633 2867 res
661 2802 698 2867 in
721 2803 917 2868 Lombordia
936 2803 1071 2884 pacifice
1091 2809 1196 2885 pestus
1212 2810 1344 2884 praeter

223 2892 485 2957 Placentinorum
501 2891 663 2957 electiones
677 2891 922 2973 mapistratuum
938 2892 1065 2974 aliaque
1082 2913 1191 2975 pauca
1210 2892 1341 2972 curauit,

223 2981 282 3046 etsi
305 2980 469 3046 caritatem
487 3002 647 3062 annonae,
672 2987 906 3046 terraemotum
921 3002 1152 3064 nonnunquam
1168 2981 1341 3061 adnotavit,

221 3072 279 3135 sed
300 3070 380 3135 bella
403 3069 626 3150 Lombardica,
644 3069 781 3151 proelia,
805 3070 1006 3150 vastationes,
1034 3069 1220 3151 obsidiones,
1246 3069 1344 3150 copio-

222 3159 347 3224 sissimo
359 3159 534 3241 enarrabit,
546 3158 598 3223 leis
607 3159 769 3224 uberrima
778 3159 931 3224 relatione
940 3158 1154 3224 describendis
1163 3159 1341 3224 delectatur.

222 3249 361 3330 Ideoque
376 3248 592 3329 amplissimas
606 3248 776 3313 relationes
783 3250 916 3329 praebet
926 3268 1034 3312 eorum
1045 3268 1213 3328 annorum,
1230 3246 1344 3329 auibus

224 3338 304 3402 bella
334 3336 371 3401 in
399 3336 599 3402 Lorubardia
627 3343 715 3419 aesta
745 3343 827 3417 suut,
856 3358 966 3418 pauca
994 3338 1031 3400 de
1058 3335 1215 3417 plerisque
1245 3334 1344 3400 annis

223 3425 382 3506 narrauit,
413 3425 527 3507 quibus
549 3425 747 3490 Lombardia
773 3425 810 3489 in
833 3447 915 3506 pace
944 3424 1018 3503 suit.
1065 3425 1214 3489 Aesone
1234 3445 1344 3505 pauco

224 3517 261 3579 de
277 3514 328 3579 liis
346 3514 435 3579 bellis
453 3516 557 3580 relata
572 3516 757 3580 haberemus
773 3513 842 3578 sine
861 3514 964 3596 loupis
983 3513 1227 3578 narrationibus
1244 3513 1342 3580 illius.

228 3605 371 3685 Quarum
400 3602 526 3685 quidem
548 3605 637 3669 baud
652 3625 762 3687 parua
778 3623 861 3684 pars
883 3624 947 3685 pro
971 3602 1151 3684 copiositate
1174 3623 1239 3666 non
1262 3601 1345 3665 tanti

217 3691 319 3775 pretii
348 3698 402 3772 est,
434 3713 504 3757 cum
532 3692 741 3774 Codapnellus
764 3693 950 3774 plerumque
977 3714 1043 3756 non
1066 3712 1117 3755 res
1137 3697 1242 3772 postas
1265 3691 1344 3755 dilu-

224 3781 292 3846 cide
307 3787 400 3861 alance
415 3801 559 3862 expresse
574 3780 783 3862 descripserit,
803 3782 859 3845 sed
872 3780 976 3846 uerbis
990 3780 1146 3846 inanibus
1160 3779 1343 3861 saepissime

224 3869 363 3950 repetitis
385 3869 480 3934 utin
502 3871 746 3934 narrationibus
768 3870 925 3949 fabulosis
948 3870 1016 3935 suis
1034 3870 1177 3934 lectorem
1193 3868 1342 3932 obruerit.

225 3958 290 4024 Sed
320 3958 380 4022 lae
409 3957 579 4022 relationes
607 3966 637 4022 et
665 3959 793 4023 omnino
822 3958 1006 4042 Codapuelli
1029 3958 1175 4023 Annales
1206 3956 1344 4020 manime

224 4048 378 4112 excellunt
410 4053 545 4128 tempore
577 4068 686 4111 rerum
717 4054 877 4130 pasturum
911 4046 1150 4114 accuratissime
1184 4048 1343 4125 adnotato,

224 4135 408 4216 saepissime
437 4156 502 4200 non
531 4137 621 4200 modo
643 4136 770 4217 mensis,
801 4139 857 4201 sed
884 4137 979 4201 etiam
1009 4135 1205 4216 septimanae
1235 4132 1344 4197 diebus

224 4223 387 4305 indicatis,
404 4245 635 4306 nonnunquam
651 4225 745 4289 etiam
762 4224 813 4290 die
827 4226 906 4305 festo
922 4223 1027 4290 sancti
1043 4223 1207 4290 cuiusdam
1222 4221 1341 4286 addito.

226 4380 253 4448 1)
270 4381 312 4446 Cf.
331 4397 399 4449 quae
412 4398 443 4448 p.
457 4384 482 4448 7,
501 4399 529 4434 u.
541 4385 568 4438 5.
586 4382 720 4436 adnotari.
