2962 4936
163 650 241 703 1229.

159 1892 189 1939 Ὗ,
198 1892 238 1931 98·

110 2071 157 2112 Iul.
167 2070 200 2112 20.
209 2070 244 2112 21.

158 3135 215 3182 Any.
226 3135 244 3176 2.

128 3502 148 3534 c.
156 3492 213 3539 Arm.
223 3491 243 3534 8.

114 4033 136 4063 c.
144 4024 199 4071 Auo.
210 4023 243 4065 16.

261 455 296 507 94
421 449 612 504 IOHANNIS
631 448 878 503 consensum
896 448 1079 504 ANNALElS
1097 449 1133 507 A.
1148 453 1227 506 1229.

261 635 438 698 civitatem
468 634 576 716 ipsius
599 633 776 698 societatis
800 634 977 710 miserunt,
1008 634 1234 717 implorantes
1265 634 1308 697 ab
1334 634 1381 697 eis

262 728 297 788 et
321 723 561 787 attentissimis
585 722 744 804 precibus
768 722 859 805 ipsos
888 723 1122 804 deprecantes,
1154 727 1194 785 ut
1218 723 1381 787 Mediola-

262 833 395 887 nenses,
420 811 624 886 Brixienses,
656 811 839 873 Mantuani
870 813 905 874 et
928 810 1123 874 Placentini
1146 812 1183 875 in
1207 812 1381 874 mandatis

263 902 395 971 darent,
420 903 461 962 ut
484 900 629 982 quilibet
653 900 964 983 suprascriptorum
988 920 1166 982 persuum
1190 903 1320 964 terram
1344 900 1380 963 in

264 989 545 1053 Cremonensium
576 990 611 1051 et
641 989 879 1051 Parmensium
913 991 1025 1052 terras
1054 989 1226 1053 intrarent
1256 993 1293 1052 et
1323 1006 1411 1052 cass

262 1080 343 1161 igne
366 1081 558 1141 cremarent
579 1081 614 1141 et
630 1097 787 1160 guerram
804 1078 919 1141 facere
936 1077 1110 1141 deberent·
1146 1078 1381 1161 Percipientes

263 1169 380 1231 autem
411 1167 496 1230 dicti
526 1166 633 1249 legati
662 1169 703 1228 ut
732 1167 798 1229 viri
827 1167 961 1248 providi
989 1187 1054 1248 que
1085 1167 1312 1249 postulabant
1339 1168 1382 1230 ad

263 1255 393 1319 exitum
416 1257 603 1339 perducere
619 1275 835 1336 nequaquam
853 1275 960 1337 posse,
985 1255 1028 1319 ab
1046 1255 1174 1319 eisdem
1189 1256 1382 1320 rectoribus

264 1345 448 1427 petierunt,
472 1346 513 1406 ut
537 1344 744 1407 adiutorium
770 1343 921 1407 militum
946 1346 980 1407 et
1005 1343 1267 1407 halestariorum
1293 1364 1382 1407 com·

263 1433 359 1496 muni
382 1433 537 1496 Bononie
562 1437 756 1516 prestarent
778 1432 883 1496 turba·
906 1433 1053 1496 decenti.
1100 1432 1167 1511 Qui
1196 1434 1424 1496 communi-10

265 1525 341 1586 cato
366 1522 529 1586 conscilio
556 1523 624 1584 duo
648 1521 745 1584 milia
761 1521 889 1584 milites
905 1526 940 1585 et
956 1522 1163 1603 quingentos
1180 1521 1383 1586 halestarios

264 1612 437 1674 communi
467 1611 622 1674 Bononie
655 1630 728 1674 esse
764 1611 905 1673 daturos
936 1611 1167 1692 promiserunt
1197 1614 1234 1674 et
1264 1631 1382 1674 conve·

263 1704 400 1763 nerunt.
459 1699 591 1777 Quibus
625 1699 677 1761 ita
710 1700 816 1782 gestis
847 1698 1042 1762 Placentini
1076 1699 1204 1763 milites
1237 1720 1382 1764 numero

265 1787 471 1851 OLXXIIII
502 1788 605 1851 electi
634 1788 671 1850 in
701 1788 868 1850 auxilium
899 1788 1177 1866 Bononiensium,
1215 1789 1312 1871 equis
1348 1790 1383 1852 et

240 1923 246 1935 .
264 1876 587 1945 armisdecentibus.
599 1876 758 1940 tentoriis
767 1880 801 1939 et
810 1896 974 1958 equorum
984 1877 1221 1961 cohoperturis
1230 1876 1382 1960 *egregie
1401 1896 1423 1935 1⁵

264 1966 446 2049 preparati,
472 1965 684 2029 indumentis
708 1985 842 2048 quoque
866 1966 1121 2049 pretiosissimis
1145 1967 1293 2044 ornatia,
1327 1967 1382 2030 die

263 2054 405 2118 Veneris
429 2047 555 2116 XIII.b
584 2054 662 2117 Kal.
688 2054 777 2136 Aug.
808 2057 843 2117 et
874 2054 929 2118 die
960 2055 1096 2119 sabbati
1122 2057 1282 2137 sequenti
1305 2056 1382 2120 civi·

262 2146 370 2207 tatem
396 2144 563 2217 exierunt,
588 2143 655 2207 iter
678 2163 797 2206 eorum
820 2144 926 2207 eundi
948 2145 984 2206 in
1008 2163 1207 2207 succursum
1232 2147 1267 2208 et
1291 2145 1382 2208 auxi·

262 2232 345 2295 lium
371 2232 642 2296 Bononiensium
664 2233 879 2315 inceperunt.
916 2232 1082 2295 Similiter
1105 2232 1382 2298 Mediolanenses

262 2342 404 2385 numero
441 2322 681 2405 quadrigenti⁰
710 2325 746 2385 et
774 2321 968 2386 Brixienses
1004 2321 1155 2398 ducenti,
1194 2320 1382 2386 Cumenses
1399 2343 1424 2381 n

261 2431 404 2474 numero
429 2414 568 2474 centum
593 2411 752 2486 cumeis,
786 2430 903 2473 omnes
928 2410 1031 2474 celeri
1054 2411 1165 2492 gradu
1188 2410 1381 2474 Bononiam

262 2501 423 2563 accedere
457 2499 721 2563 festinaverunt.
776 2499 903 2563 Verum
938 2499 1019 2581 quia
1045 2499 1271 2577 Veronenscs,
1304 2500 1381 2562 Tar-

262 2589 394 2665 visiani,
419 2588 605 2666 Vicentini‚
636 2588 794 2652 Paduani
824 2591 860 2652 et
882 2588 1067 2651 Mantuani
1090 2589 1182 2651 iussa
1206 2583 1263 2652 et‘l
1291 2609 1381 2652 man·

262 2677 345 2740 data
367 2681 551 2754 rectorum,
583 2680 686 2760 prout
716 2680 930 2740 sacramento
954 2680 1054 2740 erant
1077 2677 1220 2754 astricti,
1250 2678 1382 2740 adiuto-

262 2766 350 2828 rium
382 2767 512 2849 pariter
545 2769 580 2829 et
611 2765 777 2828 auxilium
801 2765 1076 2829 Bononiensibus
1107 2769 1260 2848 prestare
1289 2786 1382 2830 recu·
1399 2786 1425 2826 ss

263 2857 387 2931 santes,
413 2855 505 2937 quod
528 2854 652 2937 legatis
669 2855 823 2918 Bononie
840 2855 1067 2938 promiserant
1092 2858 1127 2917 et
1151 2858 1383 2918 convenerant

264 2944 444 3008 attendere
468 2947 503 3006 et
526 2943 706 3007 observare
730 2944 869 3007 minime
894 2945 1099 3027 potuerunt;
1124 2945 1216 3007 unde
1232 2944 1300 3027 ipsi
1313 2964 1382 3008 rec-

262 3037 355 3096 tores
378 3033 565 3115 plurimum
589 3038 670 3096 sunt
693 3032 835 3109 turbati,
861 3032 978 3096 dolore
995 3032 1192 3096 vehementi
1208 3032 1381 3096 commoti.

264 3120 329 3184 Die
354 3122 504 3186 secundo
528 3123 654 3185 mensis
671 3121 822 3204 Augusti
844 3121 881 3183 in
899 3120 1053 3186 Bononie
1077 3123 1253 3185 civitatem
1278 3121 1382 3184 intra-

263 3214 396 3287 verunt,
427 3211 562 3292 ingenti
592 3211 719 3294 gaudio
750 3214 785 3275 et
813 3210 919 3273 nimio
949 3211 1126 3294 triumpho
1154 3211 1198 3274 ab
1222 3211 1425 3274 omnibusne

262 3299 427 3382 recepti⁰.
484 3299 528 3362 In
563 3320 631 3382 qua
665 3300 769 3364 etiam
795 3299 945 3376 civitate,
982 3305 1085 3382 prout
1120 3300 1162 3364 de
1198 3300 1383 3383 potestatis

263 3387 418 3452 Bononie
441 3389 622 3453 voluntate
645 3388 724 3466 fuit,
752 3409 881 3451 moram
907 3408 968 3471 per
992 3408 1049 3451 sex
1072 3388 1128 3452 vel
1151 3391 1283 3471 septem
1309 3389 1383 3452 dies

261 3477 430 3542 fecerunt.
486 3476 618 3555 Quibus
652 3477 704 3540 ita
733 3477 882 3561 peractis
912 3477 1147 3541 Bononienses
1178 3497 1256 3540 cum
1288 3477 1383 3540 omni

262 3569 366 3649 gente
396 3586 514 3630 eorum
546 3568 581 3628 et
611 3587 689 3629 cum
720 3566 854 3630 carocio
885 3569 920 3630 et
950 3566 1078 3630 milites
1109 3585 1227 3629 omnes
1250 3569 1287 3630 et
1311 3566 1381 3643 alii,

262 3655 381 3737 quiin
405 3675 523 3718 eorum
546 3658 712 3718 venerant
736 3675 944 3731 succursum,
976 3658 1072 3719 extra
1096 3654 1272 3718 civitatem
1297 3655 1383 3719 exic-
1401 3673 1426 3714 n

261 3747 354 3805 runt·
401 3742 524 3806 Castra
553 3743 690 3824 quidem
722 3764 838 3806 eorum
869 3744 967 3806 iuxta
993 3743 1135 3806 fluvium
1160 3742 1322 3807 Scoltene
1346 3744 1384 3806 in

262 3832 419 3915 partibus
436 3832 561 3896 Sancte
577 3832 686 3895 Marie
701 3832 738 3894 in
752 3830 870 3894 Strata
885 3835 1084 3915 posuerunt,
1102 3832 1229 3895 amicos
1246 3851 1382 3914 quoque

263 3940 381 3984 eorum
412 3920 541 3985 ibidem
576 3923 806 4003 expectantes.
859 3919 946 3984 Oum
977 3923 1093 3984 autem
1124 3921 1173 3985 ibi
1203 3922 1383 3985 stetissent

262 4009 353 4074 circa
376 4013 454 4072 octo
478 4009 561 4086 dies,
593 4009 745 4073 exercitu
774 4009 933 4073 universo
962 4013 1171 4092 congregato
1200 4012 1235 4073 et
1259 4011 1383 4073 coadu-

261 4101 355 4175 nato,
386 4098 538 4162 tentoria
567 4101 743 4161 moventes
773 4098 810 4160 in
839 4102 967 4162 terram
991 4097 1242 4162 Mutinensium
1272 4099 1384 4162 inimi·
1400 4120 1427 4159 so

261 4290 283 4337 a)
297 4290 378 4327 emend.
393 4289 465 4336 Pall.,·
479 4286 578 4327 ordinati
592 4300 609 4327 c.
673 4287 696 4338 b)
715 4289 745 4327 sic
759 4289 915 4327 emendandum
929 4298 972 4326 csse
986 4289 1036 4326 bene
1050 4289 1137 4327 coniecit
1150 4288 1245 4337 H.·Br.,·
1259 4288 1338 4329 VIIII.
1353 4300 1384 4334 c.,·

261 4342 315 4390 ‘leae
324 4339 376 4382 vfl'
386 4342 498 4389 praecepit
512 4342 581 4391 Pera,
596 4343 633 4381 sed
647 4342 691 4381 Iul.
702 4343 735 4384 26.
748 4342 792 4389 fuit
807 4353 827 4383 a.
838 4342 897 4381 1229.
911 4342 957 4380 dics
971 4342 1046 4380 Iovis!
1112 4344 1132 4389 c)
1148 4342 1179 4380 sic
1192 4352 1210 4382 c.
1279 4340 1304 4389 d)
1317 4342 1384 4381 iuxta

261 4393 335 4434 mand.
350 4406 393 4433 non
411 4395 461 4433 bene
474 4395 564 4443 H.·Br.,·
583 4397 611 4443 ct.
622 4395 690 4444 p.96,
705 4397 719 4438 l.
729 4396 761 4438 85.
772 4407 797 4444 p.
807 4396 853 4445 100,
869 4396 884 4434 l.
894 4396 914 4438 4.
928 4395 948 4437 b.
963 4395 996 4438 27.
1063 4396 1084 4443 e)
1102 4395 1220 4443 mensave,
1241 4398 1265 4432 ut
1285 4395 1386 4445 Coacon.

260 4448 385 4496 aumsnmc
402 4449 501 4496 scriptia
520 4449 632 4497 recepturi
646 4459 663 4490 c.
