2962 4936
215 355 289 410 XIV
660 353 892 410 PRAEFATIO.

328 537 408 602 (lum
427 536 637 618 Godapnellus
651 542 760 600 tantas
773 537 904 616 fabulas
926 538 964 601 de
986 537 1130 619 antiquis
1146 537 1338 602 Lombardis

216 633 406 693 commentus
428 625 479 706 sit,
503 647 573 689 eum
600 624 698 690 Gesta
719 625 886 690 Friderici
904 627 935 690 Ι.
959 625 1161 707 imperatoris
1183 626 1221 690 in
1243 626 1337 689 Lom-

217 714 334 781 bardia
357 714 463 779 odioso
486 720 579 794 atque
592 713 739 779 mendaci
762 713 871 779 animo
894 715 1129 796 adulteraverit,
1153 736 1225 779 eum
1239 715 1336 778 etiam

215 804 254 869 in
276 803 463 868 Annalibus
484 802 684 868 Placentinis
712 824 804 883 saepe
834 826 854 867 a
883 803 1014 868 ueritate
1043 803 1218 884 deflexisse,
1246 804 1337 883 falsa

210 914 275 974 pro
296 891 382 957 ueris
403 891 568 973 scripsisse
589 891 672 955 iusto
693 891 765 956 iure
787 892 906 972 aliquis
925 892 1149 974 suspicaretur.
1189 892 1240 957 Ac
1257 913 1337 956 sane

217 988 283 1046 tam
305 980 450 1061 feruidm
472 1002 549 1046 suae
565 979 675 1063 partis
696 986 831 1045 sectator
851 980 918 1060 fuit
937 981 1154 1063 Codapnellus,
1177 988 1213 1045 ut
1234 982 1337 1045 bostes

217 1069 477 1135 Placentinorum
504 1069 728 1135 Greneonenses
757 1075 787 1134 et
808 1069 984 1152 Papienses
1011 1070 1098 1134 siros
1120 1072 1263 1152 perfidos
1290 1069 1337 1133 di-

217 1165 306 1239 ceret,
337 1158 508 1224 Friderico
530 1159 583 1238 II,
613 1160 746 1223 necdum
775 1158 857 1223 besti
880 1158 1149 1239 Placentinorum,
1182 1160 1238 1223 sed
1264 1158 1336 1224 Cre.-

216 1247 418 1312 monensibns
438 1246 588 1329 propitio,
611 1246 768 1311 multoties
789 1247 1000 1328 malediceret,
1024 1247 1210 1329 Philippum
1232 1270 1336 1330 repem

217 1335 299 1400 insto
322 1336 387 1401 Dei
409 1335 529 1401 indicio
552 1359 573 1401 a
590 1335 739 1416 palatino
762 1338 800 1400 de
821 1335 1025 1401 Wittelsbaclt
1047 1336 1248 1416 interfectum
1270 1358 1336 1401 esse

216 1424 373 1505 scriberet,
398 1424 621 1490 Innocentium
637 1425 713 1488 ΙΙΙ.
731 1446 862 1506 papam,
889 1425 945 1506 qni
967 1431 1095 1507 partem
1122 1425 1245 1490 Ottonis
1268 1426 1294 1489 I
1298 1427 1334 1488 V.

216 1514 302 1596 repis
310 1513 688 1594 reliquissetaPMleppo
694 1513 834 1594 pecunia
843 1520 1022 1595 corruptum
1033 1535 1099 1578 esse
1108 1515 1334 1578 contenderetl.

218 1604 256 1667 Is
269 1624 348 1667 sane
363 1603 453 1666 borno
467 1602 575 1681 facere
590 1623 656 1666 nou
666 1601 777 1683 potuit,
794 1603 874 1682 quin
888 1624 927 1667 ea
942 1624 1022 1683 quae
1037 1602 1336 1667 Mediolanensibus

217 1698 246 1756 et
268 1690 470 1756 Placentinis
503 1690 540 1754 in
574 1691 662 1756 bellis
685 1691 938 1756 Lmnbardornm
966 1711 1120 1772 prospere
1153 1691 1337 1756 eveniebant

216 1780 254 1845 in
276 1779 382 1843 mains
404 1780 569 1860 extolleret,
600 1800 747 1843 numeros
775 1786 938 1863 captorum
961 1787 1054 1861 atque
1076 1779 1249 1845 occisorum
1271 1781 1335 1844 eul-

216 1875 460 1949 neratorumque
482 1867 618 1932 bostium
640 1867 873 1950 multiplicaret,
903 1890 959 1934 eas
980 1890 1040 1949 res,
1071 1888 1152 1949 quas
1180 1868 1231 1932 illi
1253 1870 1336 1934 male

214 1962 387 2039 pesserunt,
407 1963 465 2021 ant
478 1956 603 2021 silentio
615 1957 808 2038 praeteriret
821 1964 879 2022 aut
892 1957 1067 2022 involucris
1080 1958 1199 2022 velaret
1213 1964 1335 2039 teperet-

217 2065 289 2127 qne,
319 2052 354 2111 ut
384 2067 539 2126 nusquam
567 2045 636 2124 fere
664 2046 722 2109 bos
750 2046 847 2111 uictos
872 2068 938 2111 esse
967 2081 1010 2090 —
1038 2048 1122 2127 quod
1149 2047 1238 2110 baud
1258 2067 1335 2110 raro

217 2133 334 2199 accidit
353 2169 394 2178 —
414 2137 599 2199 concederet.
639 2134 704 2200 Sed
724 2135 785 2200 lae
806 2134 843 2200 in
866 2156 902 2200 re
923 2134 1034 2214 facilis
1056 2134 1086 2199 ei
1107 2134 1203 2199 nenia
1225 2135 1335 2199 danda

217 2229 270 2305 est,
290 2244 376 2304 nam,
392 2229 428 2288 nt
442 2222 708 2306 Boneamcapnus
722 2223 770 2288 ait
779 2226 800 2304 2,
816 2245 934 2289 omnes
950 2226 1042 2289 cives
1052 2225 1170 2288 Y‘salie
1186 2245 1247 2308 pro
1264 2225 1335 2287 suis

218 2313 417 2378 civitatibus
440 2314 478 2376 in
501 2315 648 2378 maximo
667 2314 850 2378 verborum
872 2314 968 2378 fastu
991 2315 1182 2397 loquuntur
1205 2317 1240 2377 et
1261 2317 1334 2376 'sam

219 2404 261 2467 de
285 2423 320 2467 se
345 2423 447 2486 quam
471 2404 513 2467 de
537 2403 614 2467 aliis
638 2404 952 2468 commendationes
967 2404 1104 2468 faciunt
1125 2401 1335 2485 ampullosas

218 2496 254 2556 el
277 2513 298 2555 a
320 2492 467 2556 veritate
498 2500 657 2556 remotas.
702 2491 753 2556 Ac
779 2512 890 2555 reuera
924 2512 1030 2556 omnes
1062 2491 1130 2570 sere
1165 2489 1334 2554 annalium

217 2579 386 2660 scriptmes
403 2578 515 2643 Italici
536 2578 627 2643 illius
648 2579 796 2661 temporis
816 2579 901 2644 idem
922 2580 991 2659 sere
1012 2580 1185 2660 feserunt3,
1209 2578 1335 2643 etiamsi

217 2689 282 2731 non
327 2673 417 2732 tanta
461 2667 515 2731 ira
559 2673 705 2748 tantoque
741 2668 845 2733 studio
887 2689 939 2732 res
973 2673 1079 2750 pestas
1116 2666 1333 2731 narraverint.

218 2755 374 2820 Seientem
396 2762 425 2820 et
448 2756 637 2836 prudentem
665 2755 889 2839 Godupnellum
911 2779 933 2821 a
954 2756 1086 2820 ueritate
1109 2755 1275 2833 deflexisse
1296 2755 1334 2819 in

216 2843 402 2909 Annalibus
424 2844 633 2926 Placentinis,
664 2845 693 2910 si
722 2845 842 2926 exce'pris
871 2847 972 2910 locum
993 2844 1061 2908 iam
1085 2843 1202 2908 dietum
1225 2847 1263 2908 de
1286 2867 1334 2909 ex-

217 2933 499 2998 communicatione
521 2933 687 2999 Frideriei
709 2935 763 2998 ΙΙ.
786 2934 989 3016 imperatoris
1020 2930 1063 3014 (p.
1081 2939 1122 2996 84
1139 2935 1232 3017 saa),
1263 2956 1334 2997 nus-

217 3042 312 3102 quam
330 3022 476 3103 reperies,
500 3025 556 3088 sed
576 3043 657 3104 qnae
679 3023 783 3088 studio
799 3023 908 3104 partis
931 3044 1008 3088 suae
1031 3029 1175 3088 caecatus
1197 3023 1332 3103 scripsit,

217 3116 306 3175 carate
328 3117 421 3191 atque
444 3111 642 3176 exactissimo
664 3112 785 3177 indicio
808 3112 1017 3177 examinabis.

324 3200 510 3264 Extremam
538 3207 664 3281 partem
697 3201 878 3266 Annalium
911 3201 1056 3265 mutilam
1090 3221 1155 3266 csse
1191 3206 1332 3282 apparet,

217 3288 364 3353 narratis
393 3288 478 3353 enim
504 3291 598 3354 rebus
619 3311 707 3355 anno
726 3296 819 3354 1232.
844 3311 948 3354 mense
966 3289 1092 3354 Martio
1113 3288 1210 3370 pestis
1232 3287 1333 3352 subito

217 3378 337 3442 adeas
359 3377 477 3442 mensis
500 3378 592 3443 Iunii
615 3379 832 3459 transsiliunt,
856 3378 944 3459 inde,
975 3379 1062 3443 nullo
1091 3376 1173 3442 anni
1203 3398 1334 3441 numero

216 3465 409 3548 interposita,
429 3473 602 3547 sequuntur
620 3489 700 3549 quae
718 3472 913 3533 anno1234.
933 3473 1005 3531 acta
1021 3473 1103 3531 sunt.
1146 3466 1222 3529 Hac
1238 3471 1333 3547 parte

222 3554 432 3636 Oodapnellus
445 3563 546 3620 motus
561 3578 599 3621 ae
611 3578 742 3637 pupnas
763 3556 847 3620 inter
856 3556 1008 3637 populum
1026 3561 1055 3619 et
1071 3553 1187 3618 milites
1203 3554 1333 3618 Placen·

218 3643 309 3723 linos,
321 3643 457 3708 militnm
464 3644 572 3725 partis
584 3644 746 3724 Guelficae
757 3643 1013 3722 studiosissimus,
1031 3642 1147 3723 retulit,
1164 3644 1248 3706 unde
1259 3642 1333 3722 fieri

210 3732 324 3814 potnit,
348 3738 384 3796 ut
398 3732 517 3813 aliquis
536 3733 669 3797 alterius
685 3732 793 3814 partis
809 3732 955 3797 deleverit
976 3753 1057 3814 quae
1080 3731 1142 3795 sibi
1157 3730 1333 3812 displicuis-

216 3826 294 3884 sent.
342 3822 405 3886 Sed
426 3821 562 3900 sortasse
590 3820 798 3902 Oodapnellus
820 3843 858 3886 ea
880 3841 961 3903 quoe
990 3823 1028 3886 de
1057 3823 1149 3886 rebus
1179 3843 1209 3885 a.
1237 3825 1330 3882 1232.

218 4048 391 4115 1)P.32sq.
463 4051 491 4116 2)
512 4048 563 4101 Ed.
584 4047 779 4112 Winleelmann,
800 4047 928 4115 ‘Philipp'
942 4066 972 4115 p.
987 4050 1048 4111 547,
1066 4064 1110 4101 nr.
1124 4049 1148 4102 5.
1228 4048 1256 4114 3)
1283 4046 1333 4098 Sed

215 4121 336 4185 excepere
360 4118 433 4170 debes
457 4125 590 4171 auderem
607 4119 756 4171 Annalium
774 4119 990 4172 Placentinorum
1016 4119 1217 4184 thellinorum,
1244 4119 1333 4168 uirum

216 4191 326 4257 iustum,
345 4192 443 4254 mitem,
461 4191 582 4242 ueritatis
600 4197 742 4242 amentem.
785 4190 866 4242 Valde
891 4193 986 4256 miror,
1013 4191 1083 4256 quod
1108 4190 1240 4255 hucnsqsee
1258 4203 1332 4239 nemo

212 4263 381 4328 perspexerit
408 4261 478 4313 bunc
504 4262 593 4311 airum
624 4262 710 4325 fuisse
735 4261 987 4325 familiarissimum
1017 4261 1140 4313 Ubertino
1174 4261 1205 4311 de
1232 4260 1333 4311 Audito

213 4334 306 4384 mundi
322 4332 353 4384 de
370 4332 473 4399 Lanae,
492 4333 568 4384 ouius
585 4333 784 4384 commentarios
801 4332 859 4395 fere
876 4333 945 4386 dnm
963 4332 994 4383 de
1011 4332 1054 4385 die
1070 4333 1216 4399 scripserit.
