2962 4936
248 429 282 480 92
412 423 603 479 IOHANNIS
622 424 869 480 GODAGNELLI
886 424 1068 479 ANNALES
1086 427 1121 481 A.
1136 429 1215 483 1229.

152 620 229 672 1229.
249 608 324 671 fieri
347 610 461 690 potest
472 608 493 668 ¹.
540 608 670 672 Dedit2
699 609 897 692 parabolam
929 609 1096 672 universis
1119 609 1155 672 in
1181 609 1257 693 ipso
1281 630 1363 675 exer·

250 697 322 759 citu
347 697 608 761 existentibusr.
656 696 723 775 Qui
753 698 880 779 gaudio
909 717 1034 780 magno
1058 700 1102 761 ad
1126 699 1268 783 propria
1291 701 1364 762 sunt

249 785 385 861 reversi,
411 785 527 848 divina
549 786 689 850 favente
713 787 834 870 gratia.

357 872 644 938 MOOXXVIIII.
680 876 860 958 preconari
894 895 955 959 per
990 875 1167 940 civitatem
1198 876 1286 940 fecit
1316 877 1364 939 do·

250 963 362 1025 minus
387 961 593 1026 Guilielmus
624 963 813 1047 Saporitus‚
845 964 1022 1029 Placentie
1046 967 1212 1046 potestas,
1243 968 1285 1027 ut
1313 964 1392 1027 rui-r

250 1051 329 1114 lites
360 1056 395 1115 et
426 1051 559 1134 pedites
590 1053 685 1135 equis
715 1056 750 1116 et
782 1053 885 1116 armis
916 1056 1030 1116 essent
1057 1053 1235 1136 preparati
1257 1053 1365 1137 ipsum

250 1133 510 1223 persequenda
536 1161 613 1204 cum
638 1162 699 1204 sua
723 1142 897 1206 audierint
921 1141 1028 1222 signa·
1064 1142 1173 1205 Facta
1188 1163 1271 1206 vero
1288 1142 1365 1206 elec·

249 1230 353 1306 tione,
390 1233 492 1312 prout
527 1230 705 1294 Placentia
741 1231 948 1295 consciliarii
982 1233 1191 1308 statuerunt,
1227 1234 1270 1294 ut
1303 1231 1365 1294 tria

249 1318 346 1382 milia
376 1319 531 1402 peditum
564 1322 599 1383 et
628 1320 778 1382 militum
810 1340 927 1384 omnes
958 1340 1063 1401 equos
1078 1316 1264 1384 'habentes
1293 1341 1365 1383 cum

249 1407 330 1470 viris
361 1407 561 1471 extrinsecis
591 1408 627 1469 in
657 1409 876 1492 expeditione
900 1429 1002 1492 super
1025 1409 1365 1472 Pontremulensibus
1381 1429 1400 1466 ιο

248 1496 397 1560 inimicis
420 1496 548 1558 nostris
572 1499 704 1560 statuta
728 1517 871 1581 pergere
895 1497 1071 1561 deberent.
1107 1497 1184 1576 Quo
1201 1498 1298 1561 facto
1315 1498 1365 1560 die

92 1601 230 1648 Auum.
249 1586 412 1649 Mercurii
428 1585 492 1646 XI.
512 1585 589 1648 Kal.
607 1585 818 1668 Septembris
842 1591 877 1650 et
902 1587 957 1649 die
973 1586 1065 1649 Iovis
1082 1587 1252 1668 sequenti,
1277 1586 1365 1650 tubis

141 1689 171 1736 *n
181 1686 228 1729 9⁷¹¹·
249 1674 461 1751 sonantibus,
476 1673 711 1738 *tintinabulis
727 1675 956 1758 pulsantibus,
969 1695 1052 1739 voce
1067 1676 1227 1758 preconis
1240 1675 1364 1749 audita,

249 1763 425 1826 civitatem
451 1763 618 1840 exierunt,
648 1764 715 1827 iter
742 1784 858 1828 eorum
883 1785 1001 1828 versus
1023 1764 1151 1828 vallem
1174 1765 1270 1828 Tarii
1294 1765 1365 1828 diri·

127 1873 228 1920 mas.
248 1855 379 1933 gentes.
427 1851 492 1915 Die
528 1855 643 1916 autem
668 1853 803 1917 sabbati
831 1874 910 1916 oum
941 1852 1137 1916 hominibus
1168 1853 1365 1918 extrinsecis
1381 1872 1400 1911 15

249 1942 342 2023 apud
366 1940 520 2022 Burgum
545 1942 588 2004 de
611 1942 701 2005 valle
717 1941 809 2004 Tarii
833 1963 868 2005 se
893 1942 1187 2005 coadunaverunt.
1224 1942 1291 2006 Die
1315 1943 1365 2005 do

127 2029 376 2097 r119.ac.minica
406 2028 487 2091 VII.
522 2029 620 2091 Kale
656 2030 868 2112 Septembris
900 2032 1076 2094 moventes
1107 2034 1223 2093 castra
1252 2050 1365 2095 versus

248 2117 361 2182 locum
398 2118 440 2181 de
465 2119 541 2181 Ziro
572 2119 725 2200 equitare
755 2119 1010 2183 festinaverunt
1040 2124 1075 2183 et
1106 2139 1185 2182 cum
1210 2120 1366 2182 universo

248 2208 401 2271 exercitu
417 2208 493 2270 fixis
509 2207 709 2290 albergariis
726 2211 876 2271 castrum
892 2208 981 2270 illud
1005 2208 1162 2272 obsidere
1187 2210 1364 2292 ceperunt;

248 2301 283 2360 et
306 2297 373 2361 nisi
397 2298 482 2360 hora
506 2296 575 2360 diei
598 2298 666 2358 iam
691 2296 836 2359 nimium
860 2298 1076 2373 declinasset,
1103 2299 1256 2360 castrum
1281 2296 1364 2360 illud
1381 2317 1403 2355 a

132 2407 227 2453 narr
247 2388 502 2469 expugnassent
536 2406 642 2448 manu
676 2386 822 2468 potenti.
877 2386 1041 2469 Sequenti
1070 2406 1150 2451 vero
1183 2386 1240 2450 die
1271 2386 1365 2449 Ianne

246 2476 403 2538 inmensa
425 2475 608 2537 inundatio
625 2495 791 2555 aquarum
808 2476 1016 2557 supervenit,
1039 2477 1090 2538 ita
1106 2475 1199 2559 qnod
1216 2479 1363 2539 castrum

246 2564 334 2626 illud
371 2583 567 2646 expugnare
602 2562 743 2626 minime
778 2567 976 2646 potuerunt.
1030 2563 1098 2628 Sed
1133 2585 1175 2628 ea
1210 2565 1267 2629 die
1298 2564 1365 2626 illis

246 2658 408 2735 guastum
432 2672 594 2732 magnum
620 2655 655 2715 et
678 2652 872 2716 inmensum
895 2653 1029 2715 factum
1044 2653 1123 2728 fnit,
1148 2655 1243 2734 quod
1265 2672 1365 2736 grave

130 2760 228 2807 aare.
247 2744 337 2803 esset
360 2741 404 2802 ad
424 2735 690 2803 estimandumd.
725 2740 791 2805 Die
808 2741 930 2803 Martis
954 2742 1115 2823 guastum
1138 2741 1274 2804 factum
1299 2763 1366 2805 non
1382 2762 1404 2801 a

161 2909 164 2916 Ι
245 2829 325 2903 fuit,
362 2848 425 2890 nec
457 2826 553 2891 locus
588 2832 805 2911 expugnatus
840 2833 982 2913 propter
1016 2849 1103 2910 aque
1135 2832 1170 2892 et
1200 2831 1366 2913 temporis

246 2916 512 2997 gravitudinem,
552 2937 618 2998 que
657 2917 712 2981 die
751 2921 786 2982 et
821 2921 922 2981 nocte
956 2918 1072 2981 venire
1104 2939 1174 2981 non
1209 2920 1365 2983 cessavit.

104 3019 112 3055 ¹
247 3005 375 3068 Verum
400 3026 476 3068 cum
502 3008 638 3088 tempus
663 3027 732 3070 non
756 3008 800 3069 ad
824 3027 992 3083 serenum,
1023 3007 1085 3070 sed
1107 3007 1309 3071 nubilosum
1333 3010 1366 3072 et

246 3094 441 3177 pluviosam
472 3098 591 3177 aptum
623 3100 712 3159 esset
742 3098 777 3159 et
801 3096 940 3158 omnino
971 3097 1141 3178 paratum,
1175 3096 1366 3161 deliberato

128 3201 182 3247 Aur.
193 3200 226 3240 29.
246 3182 419 3260 conscilio,
445 3184 500 3247 die
517 3183 680 3248 Mercurii
704 3205 723 3247 a
745 3184 821 3247 loco
838 3183 881 3246 de
897 3183 973 3246 Ziro
990 3184 1223 3248 discesserunt
1239 3186 1365 3268 absque
1382 3208 1405 3247 n

125 3290 226 3336 loeo.
246 3271 318 3334 ulla
353 3272 482 3337 lesione
517 3277 552 3335 et
585 3274 725 3336 iverunt
760 3271 953 3335 Godanum.
1012 3271 1077 3336 Die
1120 3275 1238 3336 autem
1275 3274 1365 3337 Iovis

246 3362 400 3444 proxima
417 3360 664 3444 Oomplanum⁰
686 3354 938 3434 accesseruntf‚
956 3364 1136 3443 acceptum
1153 3363 1364 3438 conscilium,

245 3451 328 3532 quid
359 3472 461 3533 super
492 3451 679 3532 dampnum
709 3450 858 3512 inimicis
887 3449 1130 3512 inferendumg
1156 3454 1274 3514 essent
1300 3452 1365 3514 fac·

245 3540 326 3601 turi.
373 3541 504 3603 Moram
536 3559 616 3602 vero
647 3540 740 3621 apud
771 3537 954 3600 Godanum
989 3538 1169 3613 facientes
1207 3539 1365 3602 dominus

246 3628 452 3690 Chunradns
476 3627 671 3708 Malaspina
701 3648 777 3690 cum
810 3626 946 3690 decenti
977 3627 1117 3689 cohorte
1150 3627 1305 3690 militum
1332 3630 1366 3691 et
1383 3650 1406 3690 a

245 3716 501 3796 sagittariorum
525 3716 686 3790 intravit3
712 3719 747 3778 et
769 3718 853 3779 tunc
871 3715 1030 3778 dominus
1047 3713 1154 3779 Obizo
1171 3716 1367 3800 Malaspina

246 3824 344 3865 suurn
377 3804 563 3867 exercitum
595 3804 776 3886 magnifice
805 3804 1047 3886 congregabat,
1079 3807 1223 3886 paratus
1251 3805 1366 3868 venire

129 3908 226 3955 Aean.
245 3891 281 3953 in
305 3893 462 3953 nostrum
485 3912 694 3955 succursum·
731 3892 797 3954 Die
820 3913 900 3954 vero
924 3891 1067 3955 Veneris
1092 3893 1186 3975 apud
1212 3893 1365 3978 Burgum

245 4081 268 4133 a)
283 4081 413 4120 existetibus
427 4092 445 4119 c.
486 4080 509 4131 b)
523 4082 551 4127 cs.
565 4092 633 4130 cupra
646 4084 713 4131 p.91,
728 4082 773 4123 hb.
826 4080 847 4125 cl
861 4081 910 4122 Kal
924 4083 996 4130 suppl.
1010 4082 1104 4125 H.·Br.,·
1117 4093 1161 4122 om.
1175 4093 1194 4123 c.
1247 4081 1273 4135 d)
1287 4084 1367 4123 emend.

246 4136 337 4182 11.-nr2;
356 4131 521 4172 destimandum
535 4145 553 4176 c,
612 4134 633 4182 e)
655 4136 779 4182 emendam
794 4135 910 4183 coplannm
925 4146 943 4176 c.
1003 4136 1021 4179 f)
1038 4135 1059 4175 h.
1074 4135 1089 4173 l.
1104 4137 1214 4183 quaedam
1229 4139 1312 4176 omissa
1326 4147 1368 4175 cecc
1383 4130 1408 4167 40

246 4189 357 4234 videntum
377 4198 429 4224 nam
450 4190 469 4223 et
488 4187 508 4223 si
528 4188 679 4236 interpretaris
699 4195 791 4236 accepto
810 4188 910 4236 consilio,
931 4189 989 4225 locus
1007 4189 1102 4225 nondum
1120 4189 1205 4236 integer
1219 4200 1265 4229 esce
1279 4192 1368 4230 videtur.

245 4243 269 4290 g)
283 4242 364 4279 emend.
379 4240 449 4286 Poll,;
469 4238 590 4279 inferendis
605 4252 621 4282 c,

248 4401 273 4467 l)
294 4400 336 4463 Cf.
356 4400 400 4451 ‘M
420 4399 529 4449 Archiv’
542 4399 622 4463 XVI,
638 4415 666 4465 p.
679 4401 740 4454 292.
812 4402 840 4466 2)
859 4399 920 4453 Scit.
935 4404 1059 4465 potestus.
