2962 4936
213 373 249 429 36
374 367 566 425 IOHANNIS
585 366 833 423 CODAGNMLLI
851 365 1033 422 ANNALMS
1052 367 1087 423 A.
1102 370 1180 424 1208.

118 563 194 621 1208.
213 553 310 618 nium
323 553 470 617 aliorum
483 553 526 616 de
538 550 679 616 civitate
692 550 891 628 Mediolani,
905 571 984 616 eum
997 551 1101 614 dum⁸
1116 551 1285 617 audivere
1297 587 1339 599 -

213 643 398 707 redeuntes
415 644 450 705 et
466 642 530 705 hec
546 641 581 703 in
599 640 762 704 conscilio
778 640 972 723 aperientes
983 639 1003 701 1.
1039 640 1124 704 Post
1139 641 1205 704 hec
1220 644 1338 706 autem

214 731 372 796 videntes
402 728 649 793 Cremonenses
683 728 727 792 ab
761 728 900 812 incepto
935 729 1100 793 desistere
1130 728 1240 806 nolle,
1272 731 1338 796 ‚sed

215 819 324 902 magis
348 821 383 882 et
414 818 522 900 magis
545 817 782 882 Brixiensibus
812 817 988 882 offendere
1018 817 1184 890 volentes,
1217 819 1338 884 amicis

215 911 251 973 et
280 907 381 972 sociis
411 927 529 971 eorum
552 906 678 983 Brixie,
710 907 754 969 ad
784 906 987 990 petitionem
1018 906 1250 971 Brixiensium
1283 908 1370 973 dies

95 1018 196 1065 aare.
215 996 338 1060 Martis
361 995 445 1059 XII.
470 996 595 1060 mensis
614 995 766 1078 Augusti
787 996 882 1059 foras
905 999 1129 1060 extraxerunt
1153 997 1337 1073 carocium‚

215 1085 391 1149 infinitum
415 1085 603 1150 exercitum
630 1104 691 1168 per
714 1104 749 1148 se
774 1087 809 1148 et
832 1085 960 1148 amicos
983 1105 1099 1148 eorum
1125 1084 1279 1148 militum
1303 1089 1339 1151 et

217 1174 372 1258 peditum
410 1174 525 1238 facere
563 1176 772 1250 statuentes,
811 1173 848 1235 in
886 1175 1014 1237 terram
1052 1172 1339 1238 Cremonensium

216 1263 330 1348 palam
346 1264 477 1328 intrare
495 1261 671 1326 hostiliter
686 1264 925 1345 proponentes,
949 1282 1012 1346 per
1026 1262 1221 1326 universam
1237 1257 1334 1328 ferel’

109 1372 195 1419 ‘ecoe
216 1352 423 1436 provintiam
447 1351 552 1415 Italie
580 1353 653 1414 tam
682 1350 861 1415 intrinseci
889 1370 992 1433 quam
1016 1350 1201 1415 extrinseci
1225 1351 1338 1415 *innu
1357 1375 1379 1413 a

216 1441 398 1505 merabiles
422 1441 465 1505 de
489 1440 650 1504 districtu
673 1439 863 1503 Mediolani
894 1460 955 1523 pro
986 1441 1082 1522 equis
1113 1444 1148 1504 et
1170 1440 1338 1504 iumentis

216 1532 252 1595 et
275 1530 377 1594 armis
401 1528 536 1593 bellicis
559 1531 742 1611 pergentes
770 1531 805 1591 et
829 1532 991 1593 ementes.
1038 1528 1104 1593 Die
1135 1533 1253 1593 autem
1275 1529 1338 1595 Ve-

95 1640 196 1688 ram.
215 1619 308 1683 neris
331 1618 406 1682 XV.
437 1618 564 1681 mensis
587 1617 738 1698 Augusti
769 1615 1015 1682 Cremonenses
1045 1638 1145 1681 suum
1176 1617 1340 1684 similiter

217 1709 393 1771 extraxere
424 1705 611 1782 carooium;
649 1705 849 1770 Parmenses
879 1726 959 1770 vero
996 1726 1112 1770 eorum
1145 1706 1247 1770 amici
1281 1708 1338 1772 die

98 1816 196 1863 amr.
217 1794 388 1859 dominico
427 1794 584 1877 sequenti
622 1797 746 1877 rogatu
785 1797 820 1859 et
859 1795 1018 1879 precibus
1052 1794 1338 1860 Cremonensium
1359 1819 1381 1859 rs

217 1904 316 1947 suum
347 1883 452 1946 simili
481 1882 584 1947 modo
608 1885 784 1947 extraxere
813 1884 1021 1948 carosium⁰.
1068 1883 1134 1948 His
1156 1884 1207 1950 ita
1229 1886 1338 1969 gestis

216 1977 253 2037 et
268 1973 416 2056 peractis
432 1972 670 2037 ambaxatores
682 1972 877 2038 Brixienses
889 1973 1125 2037 Mediolanum
1142 1977 1336 2057 pergentes,

215 2062 252 2125 in
276 2061 415 2146 publico
439 2060 602 2125 conscilio
632 2064 863 2145 proponentes
895 2062 937 2126 de
966 2062 1148 2126 voluntate
1180 2063 1338 2127 conscilii

216 2151 333 2215 Brixie
349 2171 432 2226 esse,
449 2153 490 2213 ut
507 2171 584 2214 cum
600 2150 819 2235 expeditione
835 2151 994 2215 universa
1009 2171 1152 2235 pergere
1168 2151 1337 2216 deberent

214 2240 252 2303 in
275 2243 403 2305 terram
419 2239 587 2304 Cremone
610 2241 707 2303 iuxta
730 2239 860 2304 flumen
877 2238 957 2322 Ogii
973 2243 1008 2303 et
1024 2260 1085 2324 per
1099 2240 1211 2323 ripam
1226 2241 1336 2324 ipsius
1355 2266 1381 2304 so

215 2329 367 2394 fluminis
389 2329 482 2394 inter
505 2328 706 2393 Cremonam
740 2332 775 2392 et
804 2328 893 2391 illud
921 2328 1050 2393 flumen
1079 2329 1269 2393 transirent
1300 2333 1336 2394 et

216 2441 294 2484 curn
325 2420 373 2483 eis
404 2439 440 2483 se
470 2418 680 2493 adunarent3
717 2418 808 2499 quod
839 2411 880 2481 a<¹
907 2417 1121 2501 sapientibus
1144 2418 1336 2482 Mediolani

215 2507 458 2573 inconveniens
494 2510 529 2570 et
563 2527 633 2570 non
668 2526 740 2570 esse
775 2506 987 2588 sequendum
1021 2507 1160 2571 videtur
1193 2510 1337 2591 propter

214 2596 316 2672 viam,
352 2615 418 2678 que
448 2598 501 2659 est
531 2594 703 2657 artissima
733 2599 767 2658 et
797 2595 985 2678 plurimum
1013 2595 1222 2678 gravissima,
1258 2598 1335 2659 tum

215 2686 357 2768 propter
382 2683 523 2767 paludes
552 2686 588 2746 et
616 2683 749 2746 fossata
779 2688 814 2747 et
836 2684 954 2747 vineas
984 2687 1020 2747 et
1050 2684 1118 2748 alia
1142 2683 1253 2748 multa
1275 2684 1336 2748 im·
1355 2704 1380 2745 ss

215 2773 415 2856 pedimenta
437 2771 677 2848 inminentiae,
702 2772 762 2835 sed
778 2792 839 2855 per
854 2773 944 2837 viam
968 2772 1117 2857 amplam
1143 2775 1178 2837 et
1202 2773 1334 2855 largam

215 2862 252 2925 in
275 2864 403 2925 terram
420 2859 587 2925 Cremone
610 2861 741 2924 intrare
765 2864 800 2925 et
824 2881 865 2925 ea
887 2862 1003 2926 omnia
1026 2882 1092 2944 que
1115 2864 1257 2945 possent
1281 2863 1335 2927 de-

216 2953 350 3014 vastare
386 2949 558 3014 dicebant.
607 2943 782 3014 Tandemf
820 2950 1057 3014 ambaxatores
1092 2950 1269 3014 dixerunt:
1307 2952 1337 3014 si

214 3039 335 3103 taliter
364 3060 434 3102 non
461 3038 697 3122 procederent,
727 3042 769 3101 ut
799 3039 931 3103 dictum
962 3042 1023 3114 est,
1055 3039 1334 3123 expeditionemss

215 3149 286 3192 non
308 3128 397 3192 velle
420 3128 653 3191 affirmabant.
693 3126 769 3206 Quo
792 3128 922 3205 audito,
944 3127 1220 3192 Mediolanenses
1238 3129 1335 3192 facta
1355 3149 1380 3189 eo

216 3217 377 3282 contione
407 3217 536 3299 gratias
560 3216 719 3280 omnibus
749 3217 868 3281 amicis
892 3237 1009 3281 eorum
1035 3209 1139 3299 [quil]
1163 3220 1336 3281 venerunt

214 3308 414 3379 referentes,
449 3308 491 3368 ut
520 3305 563 3369 ad
594 3306 733 3389 propria
761 3299 950 3383 renuenti,
982 3306 1160 3383 dixerunt;
1197 3305 1334 3388 alioque

216 3397 318 3461 modo
341 3395 618 3460 Mediolanenses
642 3397 678 3458 et
701 3394 897 3459 Brixienses
921 3395 1138 3459 concorditer
1160 3395 1253 3457 inter
1276 3414 1335 3458 eos

216 3487 310 3569 pacti
343 3485 498 3548 fuerunt.
556 3483 697 3547 Scilicet
734 3484 815 3565 quia
852 3483 1127 3548 Mediolanenses
1167 3484 1336 3546 miserunt

216 3574 368 3637 Brixiam
392 3575 570 3638 sexcentos
589 3572 717 3635 milites
736 3575 772 3636 et
786 3573 933 3636 totidem
958 3571 1116 3656 *pedites
1141 3573 1200 3655 qui
1222 3577 1335 3635 terras
1355 3594 1381 3633 a>

216 3668 251 3727 et
286 3665 399 3727 castra
432 3681 551 3726 eorum
581 3660 797 3725 custodirent
826 3663 862 3724 et
895 3661 1131 3725 defenderent.
1179 3659 1335 3742 Cumque

216 3772 346 3814 moram
369 3750 419 3814 ibi
442 3750 607 3825 facerent,
633 3769 712 3833 sepe
737 3754 772 3813 et
789 3749 904 3833 sepius
919 3750 955 3813 in
972 3753 1100 3814 terram
1116 3749 1335 3812 inimicorum

215 3957 238 4007 a)
257 3959 381 4006 emendum
399 3955 451 3997 dnm
466 3969 498 4011 e.,·
518 3968 567 3996 eum
581 3955 665 3996 dictum
680 3957 776 4005 H.-Br.,·
794 3968 843 3997 oum
859 3957 946 3996 domum
961 3958 1032 3997 Parte.
1101 3956 1123 4007 b)
1144 3958 1225 3996 emend.
1240 3957 1336 4005 H.-Br.,·

215 4013 294 4052 fors'e.
363 4015 384 4059 e)
397 4022 525 4060 parmenses
540 4012 616 4050 iterum
632 4011 683 4049 aad.
699 4021 725 4061 a,
741 4011 804 4048 nulle
816 4015 913 4059 sequente
926 4012 1075 4059 da'suncteone,·
1095 4012 1139 4049 Per
1154 4012 1286 4050 Parmenscs
1301 4012 1336 4050 his

215 4065 273 4103 male
285 4065 372 4114 scripsit
382 4065 452 4103 Perta.
494 4061 519 4117 d)
533 4075 547 4103 a
560 4065 787 4111 sortassedelendum.
830 4074 850 4111 a)
865 4064 1004 4106 iminentiac.
1045 4066 1063 4112 f)
1077 4065 1200 4111 emender&
1215 4062 1336 4112 cedema:
1354 4063 1382 4101 40

215 4119 243 4165 er.
258 4128 327 4166 supra
337 4118 394 4167 pt,
409 4130 431 4158 n.
446 4130 466 4160 a.
540 4121 564 4168 g)
584 4118 664 4159 emend.
678 4118 750 4165 Pazr.,·
768 4115 912 4166 expeditione
926 4128 942 4158 e.
1015 4118 1038 4166 h)
1058 4119 1128 4167 mppr.
1144 4118 1238 4162 H.-Br.‚·
1259 4129 1301 4160 om.
1316 4130 1334 4159 c.

215 4171 232 4219 t)
246 4173 328 4210 emend.
343 4172 438 4219 H.·Br.,·
454 4169 542 4210 redicre
556 4183 572 4213 c.

217 4349 244 4418 1)
263 4349 366 4400 Scilicet
384 4349 464 4414 legati
479 4349 693 4402 Mediolanenses.
