2962 4936
315 421 506 479 IOHANNIS
526 423 772 479 oonAeNnnLI
790 423 971 480 ANNALns
989 425 1025 481 A.
1040 429 1117 484 1229.
1238 431 1272 485 97

1292 591 1370 655 122⁹.

153 607 238 672 elati
261 610 297 672 et
320 608 443 673 valdea
470 608 614 673 exaltati
644 629 751 691 usque
775 609 820 672 ad
842 608 965 674 Parme
989 610 1161 674 carosium
1184 610 1273 675 velo·
1291 661 1377 711 m

154 697 240 761 citer
255 696 479 774 insultarunt,
504 698 632 762 milites
648 695 771 761 Parme
788 700 823 761 et
839 697 975 762 Mutine
990 702 1084 762 retro
1101 699 1272 764 carocinm

153 785 377 869 repellentes,
413 788 449 850 et
477 787 607 850 ibidem
638 807 714 850 cum
747 787 940 850 astantibus
976 787 1066 851 circa
1101 789 1272 852 earocinm

154 875 287 938 duriter
316 877 352 938 et
381 875 594 958 iniquissime
625 874 869 958 preliaverunt,
906 875 1009 939 boves
1040 876 1165 940 oarocii
1191 877 1272 941 inci·

115 989 130 1027 s
153 964 275 1027 dentes
298 966 334 1027 et
356 963 468 1046 ipsum
493 965 663 1028 carocium
687 964 940 1047 impugnantes,
965 965 1121 1029 homines
1137 986 1272 1048 qnoque

152 1053 250 1115 iuxta
281 1053 452 1116 carocium
482 1052 704 1117 vulnerantes
734 1056 770 1116 et
799 1053 1069 1118 interficientes1
1100 1056 1135 1117 et
1158 1055 1270 1138 ipsum

153 1142 326 1205 carosium
350 1142 514 1205 atrociter
537 1144 774 1226 expugnantes
797 1162 902 1205 manu
925 1143 1061 1225 potenti
1085 1143 1214 1220 taliter,
1242 1144 1272 1206 si

152 1229 301 1313 populus
325 1229 480 1294 Bononie
511 1251 589 1294 oum
620 1229 789 1293 militibus
820 1231 864 1294 ad
890 1231 1038 1314 prelium
1062 1233 1270 1308 accessisset,

153 1319 325 1383 carooium
347 1319 470 1383 Parme
502 1320 633 1383 victum
664 1319 819 1383 Bononie
850 1318 1114 1403 *perduxissent
1161 1321 1272 1385 Perci·
1292 1345 1377 1394 aaa.

106 1434 134 1472 ιο
152 1409 286 1491 pientes
321 1410 437 1471 autem
472 1409 538 1472 viri
572 1410 732 1492 potentes
767 1406 934 1473 Oremone
973 1409 1063 1472 circa
1098 1410 1270 1473 carosium

152 1499 315 1573 astantes,
346 1497 554 1574 vulneratos,
586 1499 740 1561 mortuos
771 1499 807 1560 et
836 1518 897 1580 per
928 1517 1086 1582 campum
1115 1498 1268 1576 diffusos,

151 1587 242 1649 ictus
272 1586 438 1669 lapidum,
469 1606 554 1668 quos
584 1585 796 1670 mangenelli
826 1606 928 1670 super
952 1587 1056 1650 carris
1080 1588 1270 1652 constructi

151 1674 376 1759 proiciebant‚
412 1695 629 1758 nequaquam
664 1675 817 1749 sufferre,
853 1676 1039 1739 coadunati
1069 1679 1105 1740 et
1134 1677 1270 1760 ingenti

150 1764 255 1827 turba
277 1763 428 1827 militum
451 1766 487 1828 et
503 1764 659 1847 peditum
675 1764 843 1847 impetum
860 1784 962 1847 super
976 1765 1052 1848 ipsa
1067 1765 1271 1849 plaustrella

105 1876 133 1916 15
150 1853 328 1931 facientes
353 1853 428 1936 ipsa
443 1852 600 1936 plaustra
615 1855 651 1917 et
667 1852 903 1936 mangonellos
927 1854 1065 1936 penitus
1089 1854 1270 1918 diruerunt

152 1945 187 2005 et
216 1942 291 2026 ipsa
320 1941 476 2025 plaustra
506 1963 584 2006 oum
615 1942 725 2006 bobus
755 1944 791 2006 et
822 1942 1048 2024 manganellis
1079 1943 1123 2006 ad
1152 1962 1269 2007 eorum

151 2033 265 2094 castra
286 2031 422 2114 ingenti
444 2030 559 2095 letitia
582 2031 766 2095 duxerunt.
813 2030 914 2095 Unde
938 2031 1173 2096 Bononienses
1196 2031 1268 2115 plu-

149 2120 275 2182 rimum
299 2122 380 2182 sunt
402 2120 545 2195 turbati,
578 2120 630 2183 ira
659 2122 694 2183 et
718 2118 835 2184 dolore
858 2118 959 2184 valde
984 2121 1156 2183 commoti.
1202 2121 1268 2185 His

150 2209 201 2271 ita
224 2208 330 2291 gestis
354 2209 460 2272 acties
483 2208 634 2271 militum
658 2207 813 2272 Bononie
836 2209 989 2291 undique
1013 2210 1208 2272 coadunata
1230 2209 1268 2271 in

103 2321 131 2360 ao
149 2297 325 2380 frequenti
337 2298 440 2361 turba
451 2297 603 2360 militum
615 2297 853 2361 Parmensium
869 2299 904 2360 et
916 2296 1165 2360 Mutinensium
1179 2297 1267 2361 velo-

150 2387 285 2450 cissime
309 2390 565 2462 concurrerunt,
591 2388 626 2450 et
650 2406 728 2449 cum
747 2385 830 2468 ipsis
847 2385 1044 2469 gravissime
1061 2387 1265 2469 pugnantes,

148 2475 241 2558 ipsos
257 2495 391 2557 quoque
406 2475 638 2551 vulnerantes,
660 2475 856 2538 occidentes
876 2478 912 2538 et
928 2475 991 2539 sub
1008 2475 1152 2558 pedibus
1169 2495 1267 2556 equo·

148 2585 226 2626 rum
247 2564 463 2648 proicientes,
481 2562 768 2628 Cremonensibus
788 2566 824 2627 et
838 2562 1081 2627 Parmensibus
1096 2563 1169 2626 alta
1184 2584 1267 2627 voce

149 2653 302 2736 requiem
325 2653 525 2737 petentibus
548 2673 656 2735 usque
680 2653 723 2715 ad
748 2652 876 2731 diem2;
902 2653 1040 2715 duravit
1063 2653 1154 2716 enim
1178 2652 1267 2715 illud

103 2764 131 2804 as
149 2740 298 2826 prelium
322 2762 429 2824 usque
453 2743 497 2804 ad
521 2742 670 2806 mediam
692 2745 841 2805 noctem.
876 2741 1004 2805 Verum
1021 2741 1102 2824 quia
1120 2744 1266 2823 utraque

149 2851 229 2915 pars
258 2830 365 2894 nimio
395 2830 512 2894 labore
548 2833 622 2895 erat
655 2831 815 2914 fatigata,
850 2831 1044 2894 voluntarie
1080 2831 1123 2893 ad
1155 2833 1267 2893 eastra

149 2919 288 3003 propria
321 2920 496 2984 remeavit.
551 2918 643 2998 Quid
677 2919 850 2983 referam?
902 2918 1008 2981 Multi
1042 2919 1085 2982 ab
1120 2922 1266 3001 utraque

148 3011 248 3092 parte
278 3011 359 3071 sunt
389 3008 482 3091 eapti
506 3011 541 3072 et
563 3009 701 3080 retenti,
733 3011 969 3072 verumtamen
1000 3028 1040 3072 ex
1067 3011 1166 3091 parte
1190 3007 1266 3071 Ore·

148 3096 375 3172 monensium,
403 3096 641 3160 Parmensium
665 3099 700 3160 et
723 3096 974 3160 Mutinensium
996 3096 1265 3160 innumerabiles

103 3209 131 3248 so
149 3186 274 3268 gladiis
298 3188 334 3250 et
357 3186 483 3269 partim
506 3187 579 3248 ictu
603 3184 758 3268 lapidum
782 3189 863 3247 sunt
885 3184 1072 3261 interfecti,
1104 3187 1140 3249 et
1163 3206 1265 3267 quam

148 3274 266 3357 plures
289 3274 396 3338 vitam
420 3295 538 3338 eorum
562 3273 625 3337 sub
649 3274 794 3357 pedibus
811 3293 973 3355 equorum
991 3277 1232 3337 consumantes
1243 3275 1264 3335 ³.

148 3363 256 3427 Velut
279 3365 395 3426 autem
419 3362 730 3426 aBononiensibus
754 3362 943 3437 dicebatur,
969 3361 1011 3424 de
1035 3381 1152 3425 eorum
1176 3382 1266 3425 exer·

149 3452 223 3516 citu
244 3452 363 3514 nullus
385 3451 551 3515 remansit
574 3451 812 3515 interiectus4.
858 3449 1125 3532 Requiesoentes
1148 3452 1264 3512 autem

148 3588 171 3640 a)
184 3589 245 3628 ualle
259 3599 278 3629 c.

102 3705 130 3746 es
149 3697 176 3763 1)
194 3695 283 3764 Epist.
296 3696 505 3747 Bmsonicnaiam
522 3694 539 3748 l.
554 3694 587 3747 l..·
604 3692 691 3745 nostri
709 3696 780 3745 tam
797 3693 943 3761 pedites
962 3709 1043 3760 quam
1061 3690 1162 3744 milites
1179 3707 1265 3758 usque

148 3765 184 3818 ad
207 3763 355 3818 Parmense
385 3764 522 3817 carocium
546 3768 730 3832 pervenerunt
755 3781 817 3816 oum
841 3765 947 3832 impetu
971 3763 1092 3816 violento
1125 3765 1153 3815 et
1181 3763 1265 3815 boves

147 3836 221 3904 ipsos
243 3837 434 3890 sauciaverunt
459 3835 576 3902 ensibus,
602 3838 630 3887 et
656 3833 722 3886 dum
739 3835 797 3888 vias
822 3834 914 3904 gladio
933 3835 1023 3887 ultore
1042 3833 1202 3886 dirimerent
1219 3833 1265 3902 (?),

147 3911 191 3960 tot
215 3924 250 3961 ex
273 3908 397 3960 hostibus
422 3905 605 3974 trucidabant,
633 3904 708 3972 quod
731 3922 782 3973 pre
811 3906 896 3958 nimia
921 3909 1011 3974 strage
1034 3922 1065 3958 ac
1089 3903 1265 3957 multitudine

147 3977 301 4032 occisorum
325 3978 371 4031 via
396 3976 512 4030 incessui
536 3977 582 4030 vix
607 3976 728 4044 patebat.
818 3979 846 4044 2)
867 3977 954 4045 Epist.
974 3978 1182 4030 Bononiensium
1201 3983 1265 4042 post

100 4068 129 4107 40
144 4051 330 4118 praecedentia
354 4056 394 4115 (n.
408 4052 437 4116 1)
444 4067 454 4100 :
478 4047 596 4101 Demum
617 4047 669 4114 ipsi
692 4050 807 4115 propter
828 4047 1030 4100 indeficientem
1048 4051 1204 4099 nostrorum
1223 4045 1263 4097 in·

147 4120 281 4174 stanciam
304 4119 413 4189 fatigati
436 4123 561 4188 treugam
587 4117 741 4171 avidissime
772 4119 962 4188 postulabant3
993 4117 1080 4171 nostri
1104 4133 1168 4170 vero
1201 4133 1263 4168 cum

146 4208 233 4258 usque
252 4191 288 4244 ad
305 4190 394 4244 noctis
412 4189 533 4242 medium
559 4189 690 4243 acerrime
714 4188 898 4255 bellavissent,
923 4191 958 4243 ab
983 4205 1122 4241 armorum
1147 4187 1263 4255 strepitu

147 4263 311 4330 quieverunt
337 4261 372 4314 ad
396 4261 516 4314 tentoria
541 4260 701 4328 redeuntes;
725 4261 761 4324 cf.
779 4261 851 4314 Ana.
870 4261 963 4314 Porm.
988 4263 1052 4314 mai.
1072 4266 1094 4311 et
1116 4261 1264 4311 Tolosaaus

147 4335 164 4389 l.
175 4336 193 4388 l.
248 4335 277 4403 3)
293 4334 336 4397 Of.
347 4335 391 4392 (Ν,
400 4332 510 4384 Archio'
517 4333 548 4383 X
550 4332 597 4398 VI,
605 4349 635 4400 p.
643 4333 703 4386 262.
758 4331 785 4399 4)
796 4331 855 4385 Ab.
865 4331 967 4383 Milioli
974 4332 991 4386 l.
1000 4332 1032 4386 l..·
1045 4333 1073 4382 et
1081 4329 1135 4382 fuit
1143 4329 1263 4382 maxims

100 4422 129 4462 ss
146 4405 300 4458 mortalitas
317 4403 469 4470 hominum,
487 4401 612 4470 peditum
631 4405 659 4456 et
675 4399 804 4468 militum,
823 4418 857 4454 ex
874 4405 954 4469 purte
971 4400 1193 4456 Bononiensium.

200 4509 357 4562 Godagnellus.
1015 4510 1031 4564 7
