2962 4936
25 1343 112 1393 tnm.
248 1321 451 1386 *Milleximo
470 1324 691 1406 nonagesimo
711 1324 754 1387 de
773 1343 888 1387 mense
908 1323 1108 1387 Februarii¹
1127 1324 1253 1388 sedicio
1272 1319 1343 1429 {353

140 1431 265 1493 magna
295 1415 371 1474 orta
401 1415 453 1476 est
482 1413 573 1476 inter
596 1412 762 1496 populum
794 1415 829 1476 et
853 1411 980 1475 milites
1002 1412 1179 1476 Placentie
1203 1433 1255 1477 oo·
1272 1411 1351 1487 aas

141 1500 281 1564 oaxione
312 1520 435 1583 pugne,
467 1521 533 1583 que
564 1521 604 1565 eo
634 1504 788 1584 tempore
819 1501 924 1564 fiebat
953 1501 990 1563 in
1018 1504 1113 1564 terra
1135 1521 1277 1580 vacua.

141 1608 206 1670 que
242 1592 315 1652 erat
349 1589 442 1652 inter
476 1589 654 1653 eeclesiam
686 1592 804 1654 sancte
834 1589 942 1652 Marie
973 1589 1015 1653 de
1045 1589 1188 1673 Templo
1218 1594 1253 1654 et

100 1705 113 1743 s
140 1678 231 1739 viam
254 1698 319 1760 que
342 1679 438 1741 vadit
461 1679 615 1742 Areive2.
655 1679 792 1742 Accidit
814 1677 1019 1741 infortuitol
1046 1698 1137 1752 oasu,
1162 1680 1253 1761 quod

140 1765 238 1829 miles
262 1766 401 1848 quidam
419 1767 630 1849 iniquissime
651 1765 843 1850 *pugnabat
862 1788 939 1831 oum
958 1767 1106 1849 quodam
1124 1767 1251 1850 pedite,
1271 1787 1353 1836 ‘nere

139 1854 191 1917 ita
221 1856 311 1937 quod
340 1876 429 1919 unus
457 1857 500 1919 ab
532 1856 641 1920 altero
672 1855 780 1918 dividi
809 1875 879 1918 non
908 1857 1055 1938 poterat.
1102 1855 1147 1918 Et
1171 1857 1253 1919 dum

140 1943 188 2006 sio
209 1943 447 2026 preliarentur,
470 1946 627 2008 videntes
646 1944 837 2028 populares,
861 1945 953 2026 quod
972 1945 1076 2027 pedes
1093 1945 1252 2009 resistere

139 2031 244 2094 militi
266 2032 405 2097 minime
428 2037 574 2116 poterat,
605 2033 737 2116 lapides
766 2036 802 2096 et
830 2031 945 2095 lutum
974 2053 1077 2116 super
1105 2033 1252 2096 militem

95 2147 121 2186 ιο
139 2121 356 2204 proiecerunt
386 2125 430 2200 et,
466 2124 557 2204 quod
588 2122 739 2185 deterius
772 2121 851 2197 fuit,
886 2121 1038 2185 fustibus
1068 2115 1247 2185 manibusl

138 2209 250 2292 ipsum
275 2210 426 2292 graviter
448 2212 700 2293 percusserunt.
739 2208 905 2272 Videntes
936 2209 1095 2273 similiter
1124 2210 1250 2273 milites

138 2298 198 2379 qui
226 2298 276 2361 ibi
306 2303 404 2362 erant
434 2299 605 2381 [1111111111ο
638 2299 879 2380 percusserunt
911 2300 946 2361 et
974 2297 1249 2362 verberaverunt.

140 2385 296 2450 Clamore
319 2387 471 2469 undique
500 2386 594 2450 facto
624 2386 751 2449 milites
775 2405 891 2448 omnes
915 2385 1065 2449 civitatis
1092 2386 1128 2448 in
1152 2389 1250 2470 parte

138 2495 208 2536 una
231 2476 431 2557 congregati
460 2478 495 2538 et
522 2474 703 2558 populares
732 2475 769 2537 in
802 2474 879 2551 alia,
910 2474 1056 2558 prelium
1087 2496 1248 2558 magnum

94 2588 120 2626 rs
137 2562 230 2626 inter
252 2583 310 2627 eos
333 2565 385 2627 est
406 2564 592 2648 inceptum,
616 2565 708 2646 qnod
732 2563 869 2626 duravit
887 2563 1053 2644 usquead
1070 2562 1248 2627 obscuram

138 2654 284 2715 noetem.
330 2652 374 2715 In
404 2673 471 2735 quo
501 2653 609 2736 prelio
640 2651 800 2715 obierunt
830 2652 898 2715 duo
934 2653 976 2715 de
1011 2652 1179 2716 militibus
1214 2657 1249 2716 et

136 2743 207 2805 tres
231 2742 273 2804 de
296 2741 433 2824 populo.
479 2741 601 2805 Altera
624 2741 679 2804 die
710 2761 842 2804 summo
865 2760 965 2803 mane
989 2761 1027 2804 oe
1053 2744 1155 2804 erunt
1177 2760 1249 2824 pre·

137 2828 216 2892 111111
245 2850 305 2912 per
334 2833 443 2893 totam
475 2830 666 2906 civitatem
703 2832 738 2893 et
770 2850 847 2892 oum
873 2763 1050 2912 [militati
1072 2830 1247 2906 vidissent,

138 2919 228 3000 quod
245 2940 314 2981 non
330 2922 468 3001 possent
484 2919 651 2994 resistere,
676 2927 777 2982 noete
793 2919 953 2982 veniente
970 2921 1005 2981 et
1021 2918 1076 2982 die
1092 2919 1249 3000 sequenti

92 3031 118 3070 20
137 3007 294 3070 exierunt
317 3009 359 3072 de
383 3007 523 3071 civitate
547 3011 583 3071 et
605 3007 822 3070 intraverunt
845 3027 906 3090 per
930 3009 1042 3070 eastra
1064 3009 1100 3070 et
1119 3007 1195 3070 looa
1213 3019 1249 3071 et

136 3095 236 3158 villas
253 3096 429 3160 districtus
445 3095 632 3160 Placentie.
671 3095 796 3158 Postea
814 3094 977 3159 oonsoilio
996 3096 1247 3159 communicato

137 3185 334 3247 statuerunt
368 3185 505 3260 milites,
542 3187 581 3246 ut
615 3204 732 3247 omnes
766 3184 900 3247 intrent
933 3184 1025 3247 inter
1051 3183 1179 3247 Villam
1212 3187 1248 3248 et

137 3271 270 3335 Canum
293 3276 329 3336 et
352 3273 512 3356 perillus
536 3275 661 3356 partes,
692 3274 806 3355 preter
828 3271 916 3346 illos,
948 3292 1032 3354 quos
1059 3275 1248 3355 posuerunt

135 3361 172 3424 in
196 3361 351 3424 custodia
374 3362 410 3424 in
434 3361 648 3437 Roneairolo,
672 3361 740 3424 XX
763 3360 899 3434 milites,
931 3360 1162 3424 custodientes
1187 3381 1248 3443 per

91 3449 213 3514 suillas
242 3452 366 3533 partes,
397 3451 447 3514 ita
477 3451 568 3532 quod
598 3449 715 3512 nullus
745 3451 881 3532 poterat
910 3449 1040 3512 intrare
1070 3449 1246 3512 civitatem

135 3559 198 3602 neo
222 3539 352 3621 aliquid
374 3539 512 3602 trahere
545 3559 609 3602 neo
644 3541 796 3621 portare;
836 3540 871 3601 et
906 3537 1055 3619 quinque
1089 3538 1242 3620 peditum

134 3630 372 3691 transeuntes⁰
396 3627 599 3710 equitabant
616 3647 723 3709 usque
747 3627 791 3688 ad
815 3627 970 3708 pontem,
994 3626 1031 3688 in
1049 3625 1245 3708 Rivalgario

135 3716 202 3778 XX
222 3716 358 3789 milites,
382 3717 419 3779 in
437 3716 583 3780 Aroellis
606 3715 674 3778 XX
693 3714 830 3791 milites,
854 3714 914 3796 qui
937 3735 1054 3778 omnes
1078 3716 1170 3778 omni
1190 3715 1245 3778 die

135 3804 337 3886 equitabant
359 3824 466 3888 usqne
486 3805 528 3867 ad
549 3805 740 3881 civitatem3
765 3805 801 3866 et
815 3803 845 3865 si
859 3803 1081 3867 inveniebant
1096 3803 1246 3886 aliquem

91 3995 117 4034 30
135 3993 208 4042 1)111,
222 4004 265 4031 non
278 3994 300 4032 in
314 3994 413 4043 fortuito,
429 3998 452 4032 ut
466 3994 512 4036 md.
522 3994 611 4043 priores
624 3994 708 4043 habent,
723 3992 857 4032 seribenoum
871 4003 914 4032 1111
927 3993 1017 4035 videtur.
1077 3993 1100 4042 b)
1113 3993 1245 4033 immanibus

135 4047 222 4086 coniecit
235 4046 315 4090 H.·Br.
362 4048 383 4097 e)
396 4046 472 4096 pedite
486 4049 553 4086 mulio
562 4050 613 4097 poet
626 4057 683 4086 corr.
699 4045 785 4095 pedites
798 4056 815 4087 1.
863 4047 886 4095 d)
899 4047 1007 4095 supplevi5
1021 4057 1061 4088 om.
1075 4058 1092 4090 c.
1146 4045 1167 4097 e)
1181 4056 1245 4095 qnae·

134 4103 186 4140 dum
202 4100 281 4138 omissa
295 4110 338 4139 1111
352 4102 463 4140 adnotavit
476 4101 549 4143 ILBr
555 4129 562 4150 ‚
576 4101 613 4149 qni
626 4101 713 4148 scripsit
726 4100 860 4148 quicumque
869 4110 915 4149 pro
929 4100 1034 4148 quinque.

135 4259 163 4329 1)
181 4261 228 4312 En
245 4261 404 4312 narratione
427 4266 545 4326 sequente
569 4261 698 4327 quaedam
722 4267 846 4326 excerpta
871 4260 947 4312 habet
964 4261 1060 4312 Petrus
1084 4260 1115 4312 de
1132 4260 1245 4327 Ripalia

134 4333 170 4382 od
195 4347 220 4384 a.
240 4334 316 4394 1084,
334 4331 392 4384 Iob.
411 4332 443 4383 (11
460 4332 569 4396 Moesis,
594 4331 741 4396 Muraiori,
761 4330 809 4386 SS.
826 4331 906 4395 XVI,
925 4331 970 4384 ool.
987 4333 1048 4395 451,
1068 4332 1105 4382 ud
1122 4347 1148 4385 1.
1167 4333 1244 4395 1089,

90 4419 116 4458 85
135 4409 158 4454 ei
176 4403 263 4454 eodem
282 4403 339 4456 Ion,
358 4401 599 4468 Ayuzzarip.15.
618 4403 654 4453 ad
672 4418 697 4456 a.
712 4404 788 4457 1088.
863 4403 892 4469 2)
913 4402 1036 4454 Nascitur
1053 4401 1118 4468 quid
1135 4403 1178 4455 sii.

187 4507 343 4558 Codagnellus.
999 4509 1014 4563 1
