2962 4936
225 430 259 484 52
385 422 576 478 IOHANNIS
595 422 844 478 CODAGNELLI
861 423 1043 479 ANNALES
1061 423 1096 480 A.
1111 428 1189 481 1215.

127 616 204 675 1215.
224 610 313 673 illud
352 631 430 672 cum
468 608 581 671 tribus
616 608 796 690 manganis
831 611 866 672 et
901 608 1052 690 quinque
1087 608 1254 691 predariis
1290 610 1345 673 ob·

225 699 402 762 sideruntl
423 700 459 760 et
482 699 782 779 expugnaverunt3
808 698 900 779 quod
925 700 1075 759 castrum
1092 697 1251 760 similiter
1271 703 1345 761 erat

226 787 399 850 munitum
434 785 613 868 manganis
649 787 685 849 et
719 785 885 862 predariis
921 788 956 848 et
987 785 1069 848 viris
1103 785 1345 868 prudentibus,

226 875 360 940 bellicis
384 875 487 938 armis
512 873 647 957 egregie
671 873 871 957 preparatis,
896 874 955 955 qui
979 877 1132 936 castrum
1155 874 1244 937 illud
1268 871 1345 958 pr‘u-

228 965 351 1028 denter
385 963 617 1026 defenderunt
652 966 688 1026 et
718 961 1005 1026 Cremonensibus
1036 965 1071 1026 et
1101 962 1380 1028 Parmensibuss

226 1052 374 1116 viriliter
396 1052 634 1116 resisterunt&
682 1051 728 1113 Et
757 1053 930 1114 steterunt
960 1051 1051 1114 circa
1081 1050 1170 1114 illud
1194 1054 1344 1115 castrum

120 1161 208 1212 *fissa
228 1140 278 1204 *et
313 1140 536 1205 obsiderunt⁸
570 1142 674 1222 atque
710 1143 994 1223 expugnaverunt
1031 1160 1139 1222 usque
1174 1141 1218 1203 ad
1254 1141 1344 1204 diem

57 1229 399 1304 lassansMercurii,
440 1228 520 1311 quia
557 1228 628 1291 fuit
670 1228 874 1292 undecimaa
914 1228 986 1292 dies
1026 1229 1179 1292 eiusdem
1218 1231 1345 1293 mensis

226 1319 378 1401 Augusti
388 1317 409 1379 1.
445 1317 640 1382 Placentini
663 1337 743 1380 vero
759 1316 887 1380 milites
904 1320 939 1380 et
955 1317 1088 1400 pedites
1105 1321 1141 1380 et
1158 1338 1235 1380 cum
1252 1319 1345 1382 omni

135 1427 139 1434 ·
227 1410 331 1491 gente
355 1427 472 1472 eorum
506 1410 541 1470 et
565 1427 643 1468 cum
667 1405 801 1468 carocio
826 1405 1068 1487 equitaverunt
1091 1406 1390 1480 Plorenzolam31o

227 1496 407 1560 audientes
443 1497 559 1558 antem
591 1492 835 1558 Cremonenses
871 1495 913 1558 de
944 1494 1255 1558 Mediolanensium
1290 1497 1346 1558 ad·

227 1588 343 1661 ventu,
369 1584 427 1666 qui
451 1585 494 1646 ad
520 1583 697 1646 civitatem
720 1584 872 1645 nostram
897 1586 933 1646 et
956 1583 1061 1646 etiam
1086 1603 1193 1666 usque
1210 1583 1346 1648 Floren-

228 1673 337 1738 zolam
361 1673 477 1756 plures
502 1674 537 1735 et
560 1671 829 1734 innumerabiles
853 1675 1077 1749 accesserant,
1110 1673 1230 1735 castris
1255 1694 1346 1736 man·

228 1782 396 1844 ganorum
435 1759 629 1834 destructis,
672 1759 828 1842 gratibus
868 1762 903 1823 et
941 1760 1139 1842 lignamine,
1179 1781 1244 1842 que
1283 1782 1346 1845 pro

228 1851 381 1933 ipsorum
405 1850 595 1912 castrorum
625 1847 817 1912 munitione
849 1849 939 1912 circa
967 1848 1030 1912 illa
1054 1853 1167 1938 castra
1189 1851 1344 1927 aderant,
1365 1874 1389 1914 a

229 1937 417 2012 conbustis,
437 1939 539 2000 nocte
555 1936 769 2010 adveniente,
795 1937 898 1999 multi
913 1937 1086 2001 vulnerati
1102 1942 1137 2001 et
1153 1939 1196 2001 ad
1214 1939 1345 2002 dictum

229 2029 378 2090 castrum
392 2025 660 2089 innumerabiles
672 2025 859 2102 interfecti,
877 2025 993 2090 oculte
1010 2030 1045 2090 et
1058 2026 1147 2090 clam
1165 2026 1222 2091 *ab
1238 2028 1346 2111 ipsius
1366 2048 1448 2097 *ann

229 2115 333 2179 castri
354 2114 533 2178 obsidione
548 2117 772 2178 recesserunt.
809 2112 1062 2197 Cognoscentes
1078 2114 1274 2179 Placentini
1289 2137 1347 2181 eos

108 2228 165 2275 aas.
177 2227 210 2269 1³.
229 2204 404 2268 offendere
428 2203 568 2267 minime
592 2223 700 2286 posse,
726 2203 781 2267 die
797 2202 889 2267 Iovis
912 2204 1072 2268 veniente
1089 2225 1167 2268 cum
1184 2205 1347 2269 Mediola-

229 2293 402 2369 nensibus,
420 2292 479 2375 qui
491 2291 727 2356 Plorenzolam
739 2296 916 2369 venerant,
932 2293 1146 2357 Placentiam
1158 2294 1345 2358 redierunt.
1365 2325 1392 2362 sc

122 2407 209 2454 suas.
335 2381 436 2445 Nono
467 2381 621 2445 eiusdem
651 2381 777 2445 mensis
807 2381 958 2464 Augusti
994 2376 1190 2464 quingintib
1219 2383 1347 2447 milites

228 2469 419 2535 Mediolani
442 2469 576 2534 bellicis
608 2469 711 2532 armis
740 2470 876 2552 egregie
900 2471 1075 2553 preparati
1098 2471 1135 2533 in
1159 2471 1287 2536 auxilio
1312 2477 1347 2535 et

229 2560 368 2623 servitio
393 2558 528 2622 comitis
552 2558 594 2621 de
614 2557 809 2640 Saboguia2
831 2558 979 2636 iverunt,
1003 2559 1039 2621 in
1063 2562 1191 2623 terram
1214 2561 1347 2624 scilicet

228 2647 436 2711 marchionis
460 2645 671 2721 Punasii⁰·³;
709 2650 822 2709 castra
850 2668 986 2730 quoque
1009 2647 1159 2730 plurima
1188 2650 1224 2712 et
1246 2648 1347 2712 villas

228 2735 498 2799 innumerabiles
522 2735 613 2817 cepit
637 2737 672 2797 et
703 2734 873 2798 destruxit
903 2739 938 2800 et
969 2737 1101 2813 habuit,
1132 2758 1193 2820 pro
1223 2737 1346 2819 quibus
1366 2767 1392 2806 a

229 2824 326 2888 litem
350 2822 501 2887 habebat
525 2843 603 2886 cum
619 2823 817 2888 marchione
834 2825 876 2889 de
892 2825 1182 2890 Monte-ferato4.
1217 2825 1347 2890 Videas

229 2913 342 2976 dictus
372 2911 526 2974 marchio
556 2930 592 2975 se
621 2911 688 2995 ipsi
718 2913 837 2976 comiti
868 2917 903 2978 et
931 2914 1247 2978 Mediolanensibus
1277 2936 1347 2978 non

228 3020 327 3085 posse
349 3001 508 3064 resistere
532 3003 670 3082 pactum
697 3005 733 3064 et
756 3003 975 3066 concordiam
1006 3024 1083 3066 cum
1115 3004 1163 3067 eis
1193 3003 1279 3066 fecit
1303 3004 1346 3066 ad

229 3089 352 3153 melius
375 3090 467 3171 quod
491 3089 617 3171 potuit.

335 3175 507 3241 MCCXV.
533 3178 588 3242 die
608 3177 706 3242 Lune
725 3178 837 3261 pridie
852 3179 932 3242 Kal.
951 3179 1162 3262 Septembris
1179 3179 1346 3245 Cremona
1366 3212 1393 3249 ao

229 3267 356 3330 milites
398 3267 640 3349 equitaverunt
675 3265 848 3345 Cremam;
889 3288 965 3331 cum
1008 3273 1124 3333 autem
1166 3270 1346 3352 appropin-

228 3360 391 3438 quassent
410 3357 454 3419 ad
471 3354 592 3420 Creme
608 3358 733 3439 partes,
758 3355 795 3417 in
813 3357 962 3438 quodam
979 3358 1112 3439 privato
1129 3358 1347 3421 intraverunt

148 3491 153 3502 .
178 3461 208 3500 'a
228 3444 304 3509 loco
319 3445 517 3527 ibidemque
534 3443 789 3508 *Cremensibus
805 3465 967 3527 paravere
990 3445 1142 3508 insidias.
1183 3445 1346 3511 Cursores

228 3534 367 3616 quidem
391 3553 498 3615 usque
527 3533 571 3595 ad
595 3531 715 3596 Creme
745 3533 925 3596 obstacula
955 3535 1133 3598 miserunt.
1181 3534 1347 3599 Videntes

228 3643 308 3686 vero
333 3621 532 3685 Cremenses
556 3624 652 3684 extra
675 3621 789 3685 locum
814 3623 971 3685 exierunt
1001 3627 1037 3687 et
1068 3644 1144 3686 cum
1168 3624 1251 3707 ipsis
1275 3646 1347 3708 pre·
1366 3654 1392 3694 ³5

228 3711 314 3774 lium
338 3710 497 3774 fecerunt
521 3729 646 3792 eosque
675 3710 886 3792 fugaverunt
919 3731 1028 3793 usque
1063 3714 1107 3775 ad
1141 3712 1265 3789 locum,
1303 3714 1346 3777 ad

228 3820 330 3881 quem
354 3797 521 3862 Cremona
551 3797 679 3862 milites
702 3799 845 3861 insidias
869 3804 1092 3881 paraverunt;
1125 3821 1191 3883 quo
1214 3802 1287 3864 viso
1312 3805 1347 3864 et

228 3955 251 4000 a)
264 3954 295 3992 sic
308 3964 325 3995 c.
393 3952 415 3999 b)
432 3953 463 3990 sic
476 3963 494 3994 c.
561 3954 582 3999 c)
596 3952 686 3992 leasii
700 3953 764 3995 Galo.
780 3954 888 4003 Flamma,
904 3955 988 4003 Manip.
1002 3966 1019 3996 c.
1029 3954 1081 4002 248;
1096 3955 1200 4005 Pyrnasii
1214 3956 1251 4005 ia,
1266 3956 1346 3998 Chron.

228 4007 300 4045 matus
309 4017 335 4054 p.
347 4005 393 4053 778,
412 4006 468 4044 unde
481 4006 571 4044 reicitur
584 4008 640 4055 quod
654 4006 732 4049 Ja-Br.
747 4008 840 4056 coniecit,
859 4008 974 4050 Pannonii.
1002 4008 1072 4046 Multa
1089 4009 1129 4047 hoc
1146 4009 1191 4047 loro
1210 4009 1290 4047 omisca
1304 4020 1347 4047 esse

229 4061 289 4108 apud
302 4070 335 4098 me
348 4062 436 4100 constat.
1365 4081 1392 4118 40

230 4185 257 4249 1)
285 4184 355 4248 Aac.
376 4185 417 4237 11.
443 4183 499 4246 scit
524 4183 570 4234 boc
594 4198 666 4234 carro
690 4185 746 4236 dr'cs
770 4184 879 4238 Martis.
917 4182 972 4236 Per
997 4184 1091 4237 decem
1117 4185 1175 4238 dies
1202 4186 1346 4237 Castrum-

228 4269 325 4306 novum
337 4270 354 4303 a
368 4254 583 4306 Cremonensibus
594 4254 725 4306 obsessum
738 4270 790 4306 esse
800 4256 914 4307 tradunt
926 4257 997 4309 Ana.
1011 4256 1129 4311 Cromen.
1178 4257 1207 4325 2)
1224 4257 1345 4311 samace.

229 4326 257 4391 3)
276 4325 399 4390 Bo‘hmcr,
419 4327 487 4376 Aeta
499 4327 562 4390 imp.
577 4342 607 4393 p.
621 4326 681 4391 621,
700 4341 744 4378 nr.
758 4327 825 4380 911:
845 4324 1024 4392 Maynsredus
1041 4327 1163 4381 marchio
1181 4326 1215 4380 de
1228 4325 1346 4395 Salacia,

230 4394 278 4462 qui
296 4399 324 4448 et
341 4393 480 4446 Punaxius
499 4394 606 4450 dicitur.
678 4397 707 4465 4)
727 4396 866 4448 Wilhelmo
878 4398 898 4448 I
899 4396 929 4451 V.
