2962 4936
227 432 261 484 90
384 425 576 481 IOHANNIS
595 426 842 482 OODAGNELLI
860 425 1041 481 ANNALES
1058 427 1094 481 A.
1109 428 1186 480 1229.

128 626 205 679 1229.
227 615 324 694 parte
356 611 481 673 summi
511 611 694 693 pontificis
726 614 766 673 ut
796 610 951 692 quelibet
979 610 1110 684 civitas,
1146 610 1251 692 prout
1282 609 1342 669 sta·

226 704 343 763 tutum
374 703 458 775 erat,
490 700 619 763 milites
649 700 684 761 in
713 699 880 762 auxilium
911 702 945 762 et
969 699 1160 762 subsidium
1185 717 1248 780 pro
1272 695 1343 758 iure

226 791 345 852 sancte
378 788 533 851 Romane
569 788 711 852 ecclesie
746 788 1002 851 manutenendo
1044 790 1079 852 et
1118 787 1162 850 ab
1197 784 1343 863 inimicis

226 879 345 940 sancte
369 877 512 941 ecclesie
536 877 755 940 defendendo
776 877 914 939 mittere
935 877 1101 941 deberent
1112 875 1132 936 1.
1169 873 1239 953 Qui
1254 873 1344 935 iussa

227 970 263 1029 et
286 967 451 1028 mandata
482 966 612 1028 domini
640 986 728 1049 pape
752 966 931 1029 observare
956 967 991 1028 et
1014 965 1129 1028 iacere
1154 963 1343 1047 cupientes,
1363 981 1375 1021 1

227 1057 331 1137 prout
354 1054 436 1117 olim
460 1056 635 1119 decretum
658 1055 785 1129 iuerat,
810 1053 937 1117 milites
961 1054 1051 1117 viros
1068 1052 1202 1117 nobiles
1219 1055 1255 1115 et
1271 1071 1344 1134 pru·

228 1146 358 1219 dentes,
395 1144 491 1225 equis
526 1148 561 1207 et
596 1144 698 1206 armis
730 1143 866 1226 egregie
902 1145 1110 1226 preparatos,
1147 1141 1267 1204 statim
1304 1139 1345 1202 ad

227 1233 351 1294 summi
382 1233 554 1314 pontilicis
584 1232 794 1315 presentiam
827 1231 1050 1294 *direxerunt
1104 1231 1238 1294 Milites
1268 1247 1346 1291 vero

227 1320 414 1397 Placentie,
439 1321 498 1403 qui
513 1321 658 1384 fuerunt
674 1340 816 1383 numero
833 1319 997 1394 XXXVI,
1015 1320 1070 1382 die
1087 1318 1254 1382 Mercurii
1266 1316 1345 1379 VII.

227 1411 352 1473 mensis
386 1410 506 1473 Martii
540 1411 607 1473 iter
642 1430 758 1472 eorum
793 1410 1031 1492 inciperunt²¹;
1068 1409 1128 1472 sed
1164 1428 1244 1470 cum
1279 1426 1348 1468 non
1364 1428 1384 1466 11

227 1502 341 1563 essent
365 1501 479 1562 adhuc
503 1498 606 1562 rebus
629 1498 830 1562 necessariis
853 1498 1038 1580 preparati,
1064 1499 1234 1579 sumptus,
1265 1513 1347 1577 quos

226 1609 247 1650 a
263 1589 436 1651 communi
453 1588 628 1670 percipere
646 1587 829 1661 debebant,
855 1587 994 1649 minime
1014 1586 1215 1649 habuerunt
1226 1586 1247 1646 ².
1285 1583 1347 1646 Do·

226 1677 340 1739 minus
363 1676 545 1741 Pernixius
569 1677 777 1751 Ardeuonus,
807 1675 965 1738 dominus
990 1677 1025 1738 et
1047 1678 1161 1738 rector
1186 1692 1348 1737 eoruma

227 1766 400 1828 communi
425 1765 645 1841 constitutus,
678 1765 833 1847 predicta
864 1764 918 1827 die
942 1765 1009 1827 iter
1033 1784 1132 1826 suum
1156 1762 1292 1844 incepit
1315 1763 1348 1823 et

228 1855 270 1916 de
295 1854 436 1916 civitate
453 1852 631 1916 Placentie
656 1853 771 1916 exivit.
807 1852 873 1916 Die
889 1852 1054 1916 Mercurii
1069 1850 1196 1914 XIIII.
1222 1849 1348 1913 mensis
1365 1869 1386 1908 11

227 1942 346 2004 Martii
370 1942 431 2004 alii
455 1941 582 2005 milites
606 1942 716 2004 secuti
740 1945 822 2004 sunt
845 1941 1023 2003 domiuum
1047 1940 1254 2004 Pernisium.

334 2030 387 2094 De
412 2032 530 2094 eodem
556 2050 671 2093 mense
703 2033 738 2093 et
768 2029 923 2112 predicta
945 2029 1185 2092 incarnatione
1209 2028 1349 2090 Placen-

226 2119 293 2181 tini
318 2120 493 2182 dominum
519 2117 744 2181 Guilielmum
768 2118 975 2200 Saporitum,
999 2119 1112 2182 virum
1136 2116 1292 2180 nobilem
1316 2116 1350 2178 et

228 2209 432 2289 prudentem
464 2208 559 2270 urbis
583 2207 782 2282 Mediolani,
814 2207 849 2268 in
881 2209 1087 2288 potestatem
1119 2210 1155 2269 et
1178 2210 1349 2269 rectorem

110 2321 177 2358 uari.
188 2321 208 2360 9.
228 2297 378 2359 civitatis
417 2296 596 2360 Placentie
636 2294 824 2377 elegerunt.
887 2293 955 2372 Qui
990 2295 1045 2357 die
1077 2294 1223 2358 Veneris
1259 2311 1349 2355 nono
1366 2314 1388 2352 11

227 2385 354 2448 mensis
378 2385 497 2446 Martii
520 2384 556 2446 in
580 2384 688 2466 ipsius
713 2384 863 2447 civitatis
887 2384 1053 2465 regimine
1077 2383 1236 2446 intravit.

333 2472 624 2536 MOCXXVIIII.
655 2472 813 2534 dominus
838 2471 1045 2534 Guilielmus
1069 2471 1252 2554 Saporitus
1278 2469 1350 2532 Pla·

227 2561 340 2624 centie
371 2564 524 2642 potestas
556 2580 764 2642 cognoscens
794 2561 870 2622 iura
895 2564 930 2622 et
958 2561 1119 2633 rationes
1152 2580 1240 2642 quas
1265 2579 1351 2622 com·

227 2669 330 2711 mune
355 2648 533 2710 Placentie
564 2647 670 2710 habet
701 2669 741 2710 ex
771 2651 872 2730 pacto
903 2651 938 2712 et
969 2648 1154 2712 concordia
1177 2649 1273 2712 inter
1297 2647 1352 2709 do·

227 2737 359 2798 minum
395 2735 593 2816 episcopum
629 2735 730 2798 Bobii
765 2741 800 2799 et
835 2757 1014 2800 commune
1044 2737 1225 2800 Placentie
1256 2736 1352 2799 facta
1369 2756 1392 2797 11

227 2843 345 2886 versus
368 2823 460 2905 ipsos
477 2823 579 2884 Bobii
603 2826 637 2883 et
660 2823 769 2904 ipsam
794 2825 979 2899 civitatem,
1005 2826 1148 2907 cupiens
1171 2828 1352 2907 tamquam

227 2912 280 2972 vir
314 2911 477 2992 providus
509 2913 544 2973 et
575 2910 723 2992 prudens
755 2915 913 2995 prompto
943 2914 1020 2975 iura
1050 2914 1245 2976 communis
1278 2912 1353 2976 Pla

229 3000 342 3060 centie
366 3001 590 3060 manutenere
614 3002 649 3061 et
672 2998 772 3062 illesa
795 3021 994 3065 conservare
1018 3022 1081 3065 nec
1105 3001 1144 3063 in
1161 3002 1281 3084 aliquo
1299 3003 1352 3064 de-

229 3087 339 3161 ficere,
365 3086 498 3167 legatos
522 3086 612 3149 viros
628 3085 760 3150 nobiles
778 3092 813 3150 et
829 3090 1015 3170 prudentes
1032 3090 1075 3152 ad
1093 3090 1205 3172 ipsam
1224 3091 1353 3154 direxe-

227 3174 332 3235 runt3
356 3174 542 3248 civitatem,
572 3175 742 3236 instantes
765 3177 959 3240 omnimode
992 3180 1026 3241 et
1056 3178 1166 3260 ipsius
1199 3178 1354 3242 civitatis
1373 3201 1396 3242 11

229 3262 426 3324 hominibus
460 3255 724 3345 precipientesl’,
760 3266 801 3324 ut
830 3264 1007 3328 Placentie
1038 3267 1246 3348 potestatis⁰
1284 3287 1355 3350 pre·

229 3352 330 3431 cepta
354 3350 483 3432 precise
508 3352 543 3412 et
567 3350 640 3412 sine
664 3349 780 3431 aliqua
803 3353 1000 3416 conditione
1030 3355 1147 3418 facere
1172 3356 1355 3420 deberent.

229 3437 329 3514 Quod
354 3438 491 3518 quidem
515 3439 630 3499 facere
654 3443 860 3513 recusantes,
886 3441 999 3503 dictus
1023 3443 1184 3506 dominus
1211 3443 1356 3509 (111111111-

229 3545 313 3599 mus,
340 3525 517 3586 Placentie
534 3527 697 3605 potestas,
722 3526 759 3586 in
782 3524 1070 3592 MCOXXVIIII.
1096 3532 1153 3594 die
1178 3533 1357 3596 dominica

232 3611 289 3672 VI.
316 3612 441 3673 mensis
465 3611 574 3672 Madii
604 3612 641 3672 in
671 3612 810 3693 publica
845 3616 1004 3679 contione
1040 3620 1190 3700 protulit
1222 3625 1259 3684 et
1291 3625 1357 3684 ter·
1376 3644 1400 3684 aa

228 3699 357 3759 minum
390 3698 473 3779 ipsis
498 3698 600 3759 Bobii
628 3697 767 3760 *statuit
796 3720 903 3782 usque
934 3704 977 3766 ad
1001 3706 1146 3768 tertium
1172 3709 1278 3786 diem,
1313 3711 1357 3772 ad

228 3805 329 3864 quem
355 3785 384 3845 si
408 3805 474 3844 uon
500 3785 658 3846 venerint
682 3789 794 3867 parati
816 3789 930 3853 iurare
955 3811 1016 3854 sua
1032 3800 1200 3876 precepta
1218 3798 1358 3862 adeius

228 3870 457 3945 intellectum,
486 3872 577 3953 ipsos
602 3872 703 3933 Bobii
726 3877 797 3936 tam
822 3876 858 3936 in
880 3878 982 3941 rebus
1007 3901 1110 3960 quam
1134 3883 1172 3944 in
1198 3887 1359 3966 personis

228 4057 251 4107 a)
265 4059 295 4095 sic
309 4069 326 4098 c,
380 4058 404 4104 b)
415 4058 540 4109 pcipientes
555 4069 571 4099 c,
626 4057 646 4107 c)
660 4061 740 4101 emend.
755 4061 847 4109 11.·Br.,·
861 4068 925 4110 putas
940 4076 971 4112 c,;
986 4068 1013 4112 cf,
1030 4069 1092 4114 infra
1103 4083 1128 4118 p,
1138 4073 1173 4120 91,
1190 4074 1302 4117 1.32.37,

231 4234 257 4296 1)
280 4232 322 4293 Cf.
343 4233 406 4295 Ray.
426 4230 494 4295 Imp,
518 4231 549 4295 V,
569 4247 613 4284 nr.
633 4235 733 4299 130073
747 4235 953 4318 ,Winkelmuna
973 4241 1126 4296 ‘Friedrich
1139 4248 1189 4302 ΙΙ,1
1210 4251 1253 4316 11,
1271 4271 1302 4319 p,
1316 4256 1361 4317 39,
1379 4261 1405 4299 ιο

229 4317 256 4352 a.
270 4304 295 4352 2.
314 4303 358 4364 40,
377 4317 404 4352 11.
417 4303 443 4353 4.
522 4302 550 4365 2)
574 4302 616 4363 Os.
638 4302 762 4386 (11191111
781 4305 884 4356 liberas
901 4308 980 4359 datas
997 4311 1071 4363 Maii
1089 4316 1132 4380 15,
1155 4319 1248 4384 Epist.
1268 4325 1317 4377 sel.
1337 4325 1361 4389 Ι,

227 4388 256 4436 p.
270 4372 323 4422 304
335 4386 382 4434 sq,
400 4386 443 4422 nr.
457 4371 518 4423 385.
590 4372 618 4437 3)
639 4371 798 4424 Sententiam
816 4381 931 4440 coeptam
948 4395 1002 4430 non
1017 4385 1132 4448 perfecit
1151 4389 1276 4456 Codayn.
