2962 4936
254 452 444 507 IOHANNIS
462 452 706 510 OODAGNELLI
725 452 904 507 ANNALES
922 453 957 507 A.
971 455 1155 510 1197-1199.
1225 458 1261 509 23

148 637 285 719 quentis
314 637 475 699 transivit
504 657 566 721 per
591 637 805 701 Placentiam
830 640 865 700 et
883 636 1055 699 Veronam
1080 639 1114 700 et
1137 636 1201 698 ivit
1224 637 1260 699 in
1280 643 1357 696 1197.

147 725 311 809 Apuliam
335 746 438 788 causa
460 726 565 789 eundi
583 725 677 789 ultra
692 745 795 788 mare.
830 725 949 789 Mense
964 726 1092 788 Martio
1107 726 1261 808 proximo
1280 749 1347 789 narr.

148 815 323 898 predictus
346 815 533 897 imperator
557 815 651 877 misit
674 814 767 878 ultra
790 835 883 878 mare
907 814 1010 877 XXX
1033 835 1137 878 naves
1159 815 1261 878 hone·

146 906 240 966 ratas
263 903 414 965 militum
438 906 473 966 et
496 903 669 987 peditum;
694 906 729 967 et
745 906 829 966 tunc
846 903 1021 985 superarit
1044 906 1154 967 totam
1170 905 1262 987 Apu·

112 1016 125 1054 s
148 993 229 1055 liam
254 995 289 1055 et
313 991 486 1055 Sciciliam
511 991 561 1055 *et
585 992 708 1056 habuit
732 1012 773 1054 ea
795 992 921 1073 quiete.
1282 1016 1365 1062 *arcs

253 1079 550 1156 MOLXXXXVI,
574 1081 764 1144 indictione
784 1080 858 1158 XV,
884 1100 999 1144 mense
1021 1081 1175 1144 Ianuarii
1197 1081 1262 1144 fos·
1281 1106 1331 1146 ran.

114 1232 116 1239 Α
148 1173 223 1233 sata
239 1191 328 1232 nora
341 1170 486 1233 fuerunt
502 1170 679 1253 palificata
702 1172 737 1233 et
760 1170 947 1232 terminata
970 1172 1005 1234 et
1028 1170 1187 1233 ordinata
1202 1191 1263 1253 per

148 1259 380 1321 Alamannam
405 1260 447 1322 de
472 1257 648 1322 Guitelmo
672 1258 906 1340 encignerium
930 1259 1120 1322 communis
1135 1259 1263 1322 Medio·

148 1348 229 1424 lani,
250 1347 477 1411 existentibus
494 1347 691 1410 consulibus
707 1346 869 1410 Alberico
881 1347 1115 1421 Vicedomino,
1133 1346 1262 1412 Oberto

104 1461 130 1498 ιο
147 1436 369 1511 Vicecomite,
404 1436 566 1500 Rainerio
602 1436 644 1500 de
675 1435 790 1511 Oario,
826 1437 980 1499 Antonio
1016 1436 1058 1500 de
1093 1437 1260 1512 Pontana,

147 1526 317 1589 Rainaldo
348 1525 468 1600 Surdo,
505 1524 633 1589 Oberto
664 1525 851 1608 Scorpiono
886 1525 928 1588 de
959 1525 1072 1602 Porta,
1109 1524 1263 1589 Gerardo

149 1615 293 1690 Stricto;
325 1615 429 1678 tertio
453 1614 532 1676 Kal.
557 1614 665 1676 Madii
690 1614 835 1696 proximi
858 1614 1016 1697 predicta
1037 1615 1168 1677 fossata
1191 1615 1263 1678 fue·
1282 1638 1337 1687 apr.
1350 1639 1382 1679 ss.

147 1705 230 1766 run'fi
252 1707 569 1868 IIileIItXaXXXVII,
592 1791 782 1855 indictione
806 1792 926 1874 prima,
951 1795 1074 1874 quarto
1098 1792 1178 1855 Kal.
1203 1791 1263 1857 Oc·
1282 1775 1375 1892 {3⁷38

104 1905 129 1942 15
147 1881 270 1955 tubris,
294 1881 329 1943 in
350 1881 469 1963 vigilia
486 1881 597 1943 sancti
612 1880 794 1944 Michaelis
809 1882 996 1964 imperator
1012 1881 1160 1944 Anricus
1176 1882 1263 1945 obiit
1333 1874 1338 1886 ’
1377 1875 1383 1887 ’

147 1971 185 2032 in
212 1970 359 2046 Scieflia,
390 1970 427 2031 in
458 1969 598 2033 civitate
628 1969 793 2034 Mixiner.
846 1969 976 2034 Elodem
1011 1991 1111 2048 anno,
1148 1991 1262 2034 mense

148 2058 351 2123 Decembril
381 2059 468 2122 obiit
497 2080 587 2142 papa
611 2057 814 2136 Oelestinus,
846 2061 881 2121 et
911 2059 1045 2122 levatus
1074 2059 1144 2122 fuit
1174 2080 1264 2143 papa

148 2147 382 2212 Innocentius.

254 2236 591 2300 ncnxxxxvur.
609 2236 664 2300 are
680 2236 803 2299 narsis
818 2236 894 2299 xv.
911 2236 1036 2300 mensis
1053 2237 1263 2320 Septembris
1282 2221 1360 2329 nes.

102 2349 130 2387 ao
148 2326 344 2389 Placentini
367 2328 589 2389 extraxerunt
613 2324 784 2388 carocium
806 2325 909 2400 foras,
934 2325 1016 2407 quia
1030 2325 1194 2389 volebant
1213 2327 1263 2389 ire
1298 2291 1381 2338 ‘M'

148 2415 193 2476 ad
223 2414 448 2478 obsidendum
472 2413 626 2538 Burffium
656 2413 775 2476 Sancti
798 2413 973 2490 Domini,
1004 2414 1085 2496 quia
1109 2414 1263 2479 homines

149 2503 257 2586 Burgi
281 2503 426 2566 deierati
450 2504 548 2566 erant
592 2503 634 2566 de
658 2506 881 2579 sacramento,
905 2503 997 2585 quod
1015 2503 1171 2567 fecerant
1189 2503 1263 2566 Pla·

149 2592 304 2655 centinis.
347 2592 393 2654 aa
416 2612 532 2655 mense
555 2592 672 2654 Madio
696 2592 861 2674 preterito
884 2591 954 2654 fuit
979 2592 1148 2656 discordia
1171 2592 1263 2656 inter
1282 2620 1350 2662 naso.

148 2681 315 2764 populum
346 2683 382 2745 et
411 2681 554 2757 milites;
590 2686 626 2745 et
656 2702 695 2744 eo
726 2701 841 2744 mense
864 2681 1007 2745 ivissent
1030 2681 1074 2744 ad
1098 2681 1262 2764 Burgum,

103 2792 129 2831 ss
147 2770 215 2832 nisi
236 2770 480 2834 remansissent
503 2773 644 2853 propter
665 2769 762 2832 illam
786 2770 1001 2833 discordiam.
1040 2771 1166 2834 Postea
1183 2791 1263 2834 vero

148 2859 197 2922 ire
232 2879 303 2922 non
337 2862 534 2941 potuerunt,
574 2859 654 2940 quia
688 2879 757 2921 non
792 2859 882 2943 pluit
920 2880 981 2943 per
1018 2862 1128 2922 totam
1166 2859 1262 2923 illam

149 2951 294 3011 estatem
323 2947 396 3010 fere
433 2968 540 3029 usque
571 2949 614 3010 ad
648 2948 776 3010 festum
807 2948 961 3011 omnium
991 2951 1197 3025 sanctorum,
1229 2952 1264 3012 et
1283 2976 1368 3019 roas.

148 3040 232 3100 tunc
254 3036 326 3098 fuit
348 3039 421 3099 tam
443 3056 568 3118 magna
592 3036 737 3112 siccitas,
762 3037 842 3118 quia
865 3056 982 3100 omnes
1002 3057 1088 3119 aque
1108 3040 1143 3100 et
1166 3039 1263 3121 putei

148 3125 326 3189 Placentie
349 3126 422 3189 fere
439 3145 555 3188 omnes
572 3125 846 3200 desiccaverunt;
872 3128 950 3208 post
965 3126 1094 3189 festum
1110 3126 1263 3188 omnium

104 3238 130 3276 ao
148 3217 344 3277 sanctorum
368 3214 418 3277 ire
442 3235 511 3276 non
534 3216 723 3297 potuerunt
746 3216 886 3297 propter
908 3215 1162 3295 gravitudinem
1181 3218 1263 3278 tem·

149 3303 240 3384 poris
265 3305 300 3366 et
323 3323 420 3384 aque.

255 3390 553 3467 MOLXXXXIX
577 3390 766 3454 indictione
790 3391 950 3467 secunda,
974 3411 1090 3455 mense
1109 3391 1264 3454 Ianuarii
1282 3368 1360 3476 ξφ·

149 3480 344 3544 Placentini
379 3480 559 3562 elegerunt
593 3479 754 3542 comitem
783 3481 934 3543 Azonem
965 3478 1022 3543 *de
1053 3479 1169 3542 Brixia
1203 3501 1264 3563 per
1283 3471 1370 3557 afligi,

148 3572 367 3652 potestatem.
414 3569 544 3632 Eodem
574 3588 689 3632 mense
713 3567 867 3631 Ianuarii
897 3571 1006 3631 strata
1028 3569 1165 3632 Ronca⁰
1193 3590 1263 3631 mu-

104 3681 130 3720 as
148 3660 224 3720 tata
245 3658 316 3720 fuit
339 3677 400 3741 per
415 3656 670 3733 Valdetarium;
695 3651 862 3741 septimod
882 3657 961 3720 Kal.
978 3657 1096 3720 Martii
1117 3658 1263 3740 proximi
1281 3684 1389 3726 recrea

150 3745 325 3810 Sesteroni
357 3747 449 3810 inter
483 3745 696 3809 Placentiam
732 3749 767 3810 et
801 3746 960 3809 Parmam
1000 3748 1035 3810 et
1070 3745 1262 3829 Burgenses

148 3835 258 3918 primo
282 3856 344 3918 pro
366 3835 462 3899 facto
486 3834 595 3917 Burgi
604 3835 625 3896 ².

148 3989 313 4082 aarum
326 3989 567 4093 caessara
580 3990 655 4090 aa
674 3988 940 4091 sarturas
953 3989 1264 4091 waranceras

103 4103 131 4140 40
147 4096 240 4146 Romea,
254 4098 318 4136 semel
330 4097 456 4146 Romipcta,
471 4096 525 4135 arser
537 4097 625 4144 scripsit
640 4097 748 4146 Godana.)
761 4097 849 4135 coniecit
862 4097 933 4145 Perta,
947 4097 985 4135 aad
998 4097 1099 4144 nonfuit
1112 4097 1149 4134 oia
1162 4096 1263 4135 Romana

148 4149 172 4187 in
185 4151 242 4190 vallo
256 4151 326 4189 Tarii.
381 4150 404 4200 d)
417 4154 481 4200 septo
495 4161 513 4191 σ.

150 4273 177 4340 1)
197 4274 311 4326 Damam
329 4289 354 4328 a.
369 4275 446 4328 1198.
465 4273 526 4328 Ian.
539 4277 564 4329 8.
584 4274 656 4328 obiit.
744 4275 772 4340 2)
798 4273 843 4325 Ita
861 4279 1057 4340 corruptumst
1075 4273 1118 4323 hic
1136 4273 1215 4338 troas,
1234 4278 1263 4323 ut

148 4360 224 4397 nemo
240 4347 390 4397 coawaura
407 4347 515 4412 mscqui
525 4347 620 4412 poscit,
645 4345 711 4410 quid
727 4346 796 4398 velit.
827 4343 931 4396 Oonicic
955 4350 1003 4395 aut
1020 4342 1167 4409 Sesteroni‚
1194 4343 1264 4410 quod

149 4417 228 4479 infra
241 4432 272 4483 p.
284 4418 329 4481 24,
348 4417 365 4470 l.
380 4418 404 4470 6.
423 4419 548 4480 occurrit,
561 4431 616 4483 pro
634 4416 699 4467 aliis
716 4417 846 4484 scriptum
864 4421 911 4466 aut
922 4421 985 4481 port
997 4415 1066 4466 hanc
1077 4429 1160 4466 vocam
1178 4414 1263 4465 multo

104 4504 131 4542 ro
149 4489 247 4539 omina
265 4502 318 4539 csse
334 4493 364 4538 ut
382 4485 488 4539 Eodem
507 4502 578 4539 anno
595 4488 749 4555 pugnatum
768 4490 808 4539 est
827 4491 935 4554 practer
953 4487 1019 4539 ulia.
