2962 4936
227 457 278 511 106
396 450 586 507 IOHANNIS
605 450 851 506 GODAGNMLLI
870 451 1053 508 ANNALMS
1071 452 1201 509 11231.

130 643 208 697 1231.
227 637 347 713 bustis,
372 636 540 719 fugiendo
562 636 631 700 iter
654 657 754 699 suum
780 637 825 700 ad
848 638 1014 700 montana
1037 636 1173 699 direxit.
1212 637 1259 701 Elt
1281 638 1349 701 nisi

225 725 503 790 Mediolanenses
538 745 579 788 ea
610 728 711 789 nocte
744 724 861 807 ignem
896 725 1078 802 misissent,
1114 725 1348 791 marchionem

227 836 305 878 cum
337 817 441 897 gente
472 834 535 877 sua
564 813 776 878 habuissent.
832 814 878 876 Elt
910 814 1105 896 equitantes
1136 835 1197 898 per
1232 818 1349 899 partes

226 903 306 966 illas
329 903 452 967 villasl
479 905 515 966 et
537 902 623 979 loca,
655 923 721 984 que
745 903 962 978 invenerunt,
993 903 1073 986 igne
1098 907 1348 968 cremaverunt.

227 990 315 1054 Cum
347 994 464 1055 autem
494 992 558 1055 hec
590 994 784 1074 agerentur,
821 991 875 1054 illi
905 992 964 1074 qui
999 994 1098 1055 erant
1132 992 1169 1054 in
1204 992 1384 1056 navibuss

227 1080 264 1143 in
288 1081 392 1144 fluvio
415 1081 503 1143 Padi
527 1080 710 1143 constituti
733 1080 881 1163 prelium
904 1100 1069 1164 magnum
1093 1080 1267 1144 cumillis
1291 1082 1350 1164 qui

228 1172 327 1234 erant
350 1170 387 1232 in
409 1169 555 1233 navibus
578 1169 787 1233 marchionis
809 1170 985 1246 fecerunt3
1010 1170 1070 1251 qui
1085 1169 1153 1233 Dei
1168 1170 1350 1235 voluntate

227 1259 319 1343 ipsas
342 1279 446 1322 naves
470 1261 637 1340 ceperunt
661 1260 697 1322 et
712 1258 749 1320 in
766 1279 883 1322 eorum
899 1259 1029 1322 virtute
1046 1258 1255 1322 habuerunt.
1291 1259 1350 1323 Ca·

228 1350 337 1411 strum
368 1367 503 1430 quoque
526 1346 736 1430 lignamiuis‚
767 1348 859 1428 quod
888 1347 926 1409 in
949 1347 1044 1411 Pado
1074 1350 1348 1425 construxerant,

227 1436 386 1500 similiter
410 1439 576 1518 ceperunt
599 1438 635 1499 et
659 1436 902 1500 conbuserunt.
941 1436 1043 1500 Unde
1059 1436 1211 1500 universi
1231 1438 1274 1501 de
1298 1458 1393 1501 ex·1o

227 1525 404 1610 peditione
417 1525 544 1608 gaudio
557 1545 682 1607 magno
695 1528 777 1588 sunt
789 1524 906 1608 gavisi,
920 1524 1100 1589 intrinseci
1111 1546 1192 1589 vero
1205 1526 1351 1590 tristitia

228 1617 264 1679 et
279 1634 406 1696 magno
430 1612 548 1678 dolore
572 1615 654 1676 sunt
676 1613 812 1697 repleti.
852 1614 1005 1678 Predicti
1021 1635 1101 1678 vero
1121 1614 1250 1678 milites
1275 1636 1350 1679 con-

117 1724 208 1768 rare.
228 1703 339 1766 bustis
362 1702 447 1767 locis
471 1704 506 1766 et
530 1702 621 1766 villis
646 1703 701 1766 die
724 1703 878 1766 venienti
902 1723 1035 1767 summa
1066 1723 1144 1767 cum
1168 1702 1284 1767 letitia
1307 1705 1351 1767 ad

229 1794 342 1855 eastra
365 1792 553 1855 redieruut.
593 1790 724 1855 Eodem
747 1812 828 1855 vero
851 1794 1007 1875 tempore
1030 1795 1173 1874 pontem
1192 1792 1229 1855 in
1245 1793 1350 1856 fluvio

228 1881 317 1944 Padi
339 1883 606 1944 construxerunt
637 1883 672 1943 et
695 1881 770 1944 fieri
798 1880 967 1957 fecerunt,
999 1901 1060 1964 per
1089 1901 1191 1964 quem
1221 1881 1350 1945 milites
1369 1900 1395 1940 a

229 1968 458 2052 expeditionis
487 1971 718 2045 transeuntes,
750 1969 788 2031 in
818 1973 946 2033 terram
976 1990 1111 2053 quoque
1141 1971 1350 2034 marchionis

109 2080 141 2129 rr.
148 2079 209 2120 102¹.
230 2078 309 2142 sepe
334 2060 369 2122 et
389 2057 591 2121 multotiens
607 2057 789 2134 intrantes,
808 2057 923 2121 *villas
939 2064 974 2122 et
990 2058 1067 2122 loca
1082 2059 1351 2123 innumerabilia

66 2169 212 2217 rursus).
230 2148 446 2211 destruentes
471 2149 507 2210 et
529 2147 609 2229 igne
634 2149 836 2211 cremantes.
875 2147 942 2212 Die
962 2148 1085 2210 Martis
1102 2147 1198 2210 XVI.
1223 2149 1350 2212 mensis

230 2234 336 2299 Iuliil
366 2257 483 2299 omnes
516 2236 558 2300 de
589 2236 752 2313 exercitu,
783 2236 913 2300 milites
944 2239 980 2300 et
1002 2236 1147 2360 pedites,
1177 2237 1351 2318 sagittarii

230 2328 265 2390 et
281 2324 468 2402 balestarii,
484 2345 561 2388 cum
577 2325 753 2407 pontibus,
767 2325 898 2401 eastris
912 2325 1002 2407 gatis
1040 2328 1076 2388 et
1090 2324 1168 2388 aliis
1180 2327 1351 2389 machinis
1368 2344 1392 2383 so

229 2435 347 2478 eorum
371 2414 496 2477 armati
526 2416 561 2477 et
592 2414 636 2476 ad
666 2413 797 2478 bellum
827 2415 1003 2497 preparati
1032 2415 1076 2477 ad
1101 2417 1253 2478 castrum
1277 2414 1352 2478 Cla·

228 2504 315 2566 vasii
337 2503 605 2585 expugnandum
621 2505 838 2586 perexerunt,
862 2502 951 2566 illud
968 2503 1121 2586 undique
1137 2524 1215 2566 cum
1232 2505 1350 2586 gattis,

229 2592 394 2676 pontibus
424 2594 460 2655 et
484 2591 636 2654 castellis
658 2591 806 2655 viriliter
829 2593 1076 2675 expugnantes.
1123 2591 1351 2655 Alexandrini

230 2701 375 2764 quoque,
399 2680 465 2744 viri
480 2680 739 2762 prudentissimi
759 2700 882 2763 magne
899 2681 1049 2756 audatie,
1074 2684 1215 2764 pontem
1232 2701 1351 2744 eorum

229 2790 338 2852 usque
369 2769 473 2832 castri
503 2769 627 2850 spados
657 2771 848 2852 posuerunt
877 2772 912 2833 et
942 2790 1045 2853 super
1073 2769 1186 2852 ipsum
1218 2772 1351 2834 stantes
1369 2787 1394 2827 a

231 2878 310 2922 cum
333 2857 482 2920 inimicis
506 2857 705 2940 gravissime
729 2860 765 2922 et
787 2857 1000 2940 iniquissime
1024 2879 1103 2921 cum
1126 2857 1207 2921 latis
1232 2859 1350 2943 spatis,

230 2946 356 3029 gladiis
387 2949 422 3010 et
456 2945 630 3030 lapidibus
654 2949 859 3029 pugnantes.
910 2947 956 3009 Et
989 2947 1056 3009 nisi
1090 2967 1176 3030 pons
1209 2947 1351 3011 illorum

230 3035 364 3098 fractus
395 3038 430 3099 et
461 3035 620 3119 diruptus
645 3035 758 3112 *esset
791 3036 919 3099 dicitur
950 3040 985 3100 et
1014 3036 1136 3112 fertur,
1167 3036 1261 3118 quod
1290 3057 1353 3121 per
1370 3054 1454 3106 ‘aaa

230 3124 299 3187 vim
324 3124 418 3186 intus
442 3123 556 3187 locum
579 3125 811 3188 intravissent.
851 3124 1036 3188 Intrinseci
1053 3145 1144 3201 vero,
1169 3125 1235 3187 viri
1257 3127 1352 3190 nobi·

230 3211 362 3288 lissimi,
387 3213 632 3296 magnanimi0,
657 3213 823 3290 bellicosi,
848 3234 979 3277 summe
1003 3214 1143 3277 audatie
1167 3216 1202 3278 et
1226 3233 1395 3296 magnete

230 3302 380 3378 virtutis,
418 3319 496 3365 cum
530 3302 679 3366 inimicis
713 3303 853 3366 fortiter
888 3305 923 3366 et
957 3297 1238 3366 inimicabiliter‘1
1272 3324 1352 3367 oum

231 3392 421 3474 manganis,
446 3391 623 3474 predariis,
655 3391 819 3468 lanceis⁰,
848 3391 984 3475 gladiis,
1016 3391 1189 3475 lapidibus
1214 3394 1250 3455 et
1274 3392 1352 3455 aliis

159 3499 162 3507 ·
230 3480 400 3544 machinis
435 3483 632 3564 pugnantes
666 3486 771 3562 atque
806 3501 883 3545 cum
918 3480 1045 3544 ictibus
1075 3480 1286 3564 gravissimis
1317 3484 1353 3546 et

229 3569 452 3633 ferocissimis
476 3569 670 3633 balestariis
694 3569 772 3653 plus
795 3590 889 3633 more
914 3569 1025 3647 solito,
1058 3590 1160 3651 quam
1184 3570 1228 3632 ad
1252 3590 1353 3634 aures

230 3658 378 3722 alicuius
401 3679 564 3740 umquam
588 3659 809 3741 pervenisset,
834 3679 897 3722 nec
921 3659 1013 3740 quod
1037 3658 1080 3722 ab
1104 3657 1220 3740 aliquo
1242 3679 1352 3722 recor·
1371 3676 1396 3716 u

231 3747 306 3811 dari
322 3747 440 3831 possit,
464 3747 622 3809 inimicos
638 3747 837 3829 gravissime
857 3747 1103 3830 percucientes,
1128 3746 1352 3811 vulnerantes

230 3839 267 3901 et
291 3836 419 3900 multos
441 3836 700 3915 interficientes,
732 3835 846 3900 locum
878 3836 1017 3918 quidem
1041 3835 1190 3899 Olavasii
1214 3837 1353 3918 egregie

230 3928 496 3990 manutenentes
535 3927 571 3989 et
609 3924 653 3988 ab
698 3924 848 3989 inimicis
893 3925 1130 3989 defendentes.
1183 3924 1353 3989 Videntes

229 4014 506 4079 Mediolanenses
531 4016 567 4078 et
582 4013 818 4078 Vercellenses
842 4015 934 4096 quod
957 4015 1159 4097 inceperant
1182 4016 1218 4077 et
1236 4014 1353 4078 facere

230 4184 253 4236 a)
267 4187 324 4225 rilss
338 4187 359 4229 h.
373 4188 388 4230 l.
401 4198 418 4229 c.
472 4188 495 4235 b)
509 4188 540 4224 sio
553 4187 574 4228 h.
589 4188 604 4228 l.
617 4198 636 4226 c.
690 4185 711 4237 e)
725 4186 861 4236 magnamini
874 4198 892 4229 c.
946 4183 969 4235 d)
983 4187 1063 4226 emend.
1078 4186 1149 4234 Pall.,·
1167 4186 1196 4234 of.
1211 4186 1248 4228 ‘M
1262 4184 1354 4225 Archiv'
1371 4183 1401 4222 40

230 4239 304 4339 5133]
305 4251 336 4331 5⁸
338 4241 389 4331 4088
403 4240 492 4280 fortiter
507 4246 530 4279 et
543 4240 711 4280 inimicabiliter
725 4245 896 4291 pugnaveruut5
916 4240 1102 4291 immobilitas,
1122 4240 1257 4280 mirabiliter
1270 4240 1355 4283 H.-Br,

232 4433 259 4501 1)
278 4433 331 4488 Iul.
346 4435 388 4488 16.
407 4434 464 4497 fuit
481 4450 507 4489 a.
522 4436 600 4489 1231.
619 4435 676 4488 dies
692 4435 833 4491 Mercurii.
