<?xml version="1.0" encoding="UTF-8"?>
<!DOCTYPE html PUBLIC "-//W3C//DTD XHTML 1.0 Transitional//EN"
    "http://www.w3.org/TR/xhtml1/DTD/xhtml1-transitional.dtd">
<html xmlns="http://www.w3.org/1999/xhtml" xml:lang="en" lang="en">
 <head>
  <title>
</title>
<meta http-equiv="Content-Type" content="text/html;charset=utf-8" />
  <meta name='ocr-system' content='tesseract 3.04.00' />
  <meta name='ocr-capabilities' content='ocr_page ocr_carea ocr_par ocr_line ocrx_word'/>
</head>
<body>
  <div class='ocr_page' id='page_1' title='image "./iohanniscodagne00codagoog_0090.png"; bbox 0 0 2962 4936; ppageno 0'>
   <div class='ocr_carea' id='block_1_1' title="bbox 299 447 1264 505">
    <p class='ocr_par' dir='ltr' id='par_1_1' title="bbox 299 447 1264 505">
     <span class='ocr_line' id='line_1_1' title="bbox 299 447 1264 505; baseline 0.001 -1"><span class='ocrx_word' id='word_1_1' title='bbox 299 448 490 504; x_wconf 83' lang='lat' dir='ltr'>IOHANNIS</span> <span class='ocrx_word' id='word_1_2' title='bbox 509 447 757 503; x_wconf 81' lang='lat' dir='ltr'><strong>OODAGNELLI</strong></span> <span class='ocrx_word' id='word_1_3' title='bbox 775 447 955 502; x_wconf 79' lang='lat' dir='ltr'><strong>ANNALES</strong></span> <span class='ocrx_word' id='word_1_4' title='bbox 974 449 1009 504; x_wconf 84' lang='lat' dir='ltr'><strong>A.</strong></span> <span class='ocrx_word' id='word_1_5' title='bbox 1025 452 1103 505; x_wconf 80' lang='lat'><strong>1217.</strong></span> <span class='ocrx_word' id='word_1_6' title='bbox 1231 453 1264 505; x_wconf 77' lang='lat'><strong>61</strong></span> 
     </span>
    </p>
   </div>
   <div class='ocr_carea' id='block_1_2' title="bbox 254 615 1361 716">
    <p class='ocr_par' dir='ltr' id='par_1_2' title="bbox 254 615 1361 716">
     <span class='ocr_line' id='line_1_2' title="bbox 254 615 1361 716; baseline -0.003 -21"><span class='ocrx_word' id='word_1_7' title='bbox 254 633 320 698; x_wconf 80' lang='lat' dir='ltr'><strong>Die</strong></span> <span class='ocrx_word' id='word_1_8' title='bbox 350 632 473 696; x_wconf 73' lang='lat' dir='ltr'><strong>Martis</strong></span> <span class='ocrx_word' id='word_1_9' title='bbox 495 632 537 695; x_wconf 87' lang='lat' dir='ltr'><strong>v.</strong></span> <span class='ocrx_word' id='word_1_10' title='bbox 568 631 756 695; x_wconf 76' lang='grc'>1111111</span> <span class='ocrx_word' id='word_1_11' title='bbox 787 632 914 696; x_wconf 68' lang='lat' dir='ltr'><strong>muna</strong></span> <span class='ocrx_word' id='word_1_12' title='bbox 946 632 987 696; x_wconf 76' lang='lat' dir='ltr'><strong>ee</strong></span> <span class='ocrx_word' id='word_1_13' title='bbox 1018 632 1129 695; x_wconf 73' lang='lat' dir='ltr'><strong>tribus</strong></span> <span class='ocrx_word' id='word_1_14' title='bbox 1157 615 1361 716; x_wconf 75' lang='lat' dir='ltr'><strong>portis1217·</strong></span> 
     </span>
    </p>
   </div>
   <div class='ocr_carea' id='block_1_3' title="bbox 1284 685 1378 727">
    <p class='ocr_par' dir='ltr' id='par_1_3' title="bbox 1284 685 1378 727">
     <span class='ocr_line' id='line_1_3' title="bbox 1284 685 1378 727; baseline 0.043 -5"><span class='ocrx_word' id='word_1_15' title='bbox 1284 685 1334 727; x_wconf 81' lang='lat' dir='ltr'><strong>Iun.</strong></span> <span class='ocrx_word' id='word_1_16' title='bbox 1343 685 1378 726; x_wconf 78' lang='lat' dir='ltr'><strong>at.</strong></span> 
     </span>
    </p>
   </div>
   <div class='ocr_carea' id='block_1_4' title="bbox 146 721 1373 893">
    <p class='ocr_par' dir='ltr' id='par_1_4' title="bbox 146 721 1373 893">
     <span class='ocr_line' id='line_1_4' title="bbox 146 721 1265 804; baseline 0 -20"><span class='ocrx_word' id='word_1_17' title='bbox 146 721 334 800; x_wconf 82' lang='lat' dir='ltr'><strong>Placentia,</strong></span> <span class='ocrx_word' id='word_1_18' title='bbox 366 721 499 786; x_wconf 89' lang='lat' dir='ltr'><strong>scilicet</strong></span> <span class='ocrx_word' id='word_1_19' title='bbox 529 723 627 804; x_wconf 87' lang='lat' dir='ltr'><strong>porte</strong></span> <span class='ocrx_word' id='word_1_20' title='bbox 651 721 776 784; x_wconf 83' lang='lat' dir='ltr'><strong>Sancte</strong></span> <span class='ocrx_word' id='word_1_21' title='bbox 801 721 951 803; x_wconf 82' lang='lat' dir='ltr'><strong>Brigide,</strong></span> <span class='ocrx_word' id='word_1_22' title='bbox 979 724 1077 804; x_wconf 90' lang='lat' dir='ltr'><strong>porte</strong></span> <span class='ocrx_word' id='word_1_23' title='bbox 1101 721 1265 785; x_wconf 89' lang='lat' dir='ltr'><strong>Mediola-</strong></span> 
     </span>
     <span class='ocr_line' id='line_1_5' title="bbox 146 807 1373 893; baseline 0.001 -19"><span class='ocrx_word' id='word_1_24' title='bbox 146 811 262 874; x_wconf 89' lang='lat' dir='ltr'><strong>nensis</strong></span> <span class='ocrx_word' id='word_1_25' title='bbox 286 813 322 874; x_wconf 97' lang='lat' dir='ltr'><strong>et</strong></span> <span class='ocrx_word' id='word_1_26' title='bbox 344 813 443 893; x_wconf 90' lang='lat' dir='ltr'><strong>porte</strong></span> <span class='ocrx_word' id='word_1_27' title='bbox 463 807 645 886; x_wconf 82' lang='lat' dir='ltr'><strong>Gariverti,</strong></span> <span class='ocrx_word' id='word_1_28' title='bbox 671 814 706 873; x_wconf 90' lang='lat' dir='ltr'><strong>et</strong></span> <span class='ocrx_word' id='word_1_29' title='bbox 729 809 881 893; x_wconf 89' lang='lat' dir='ltr'><strong>ipsarum</strong></span> <span class='ocrx_word' id='word_1_30' title='bbox 900 813 1075 893; x_wconf 86' lang='lat' dir='ltr'><strong>portarum</strong></span> <span class='ocrx_word' id='word_1_31' title='bbox 1102 809 1265 893; x_wconf 79' lang='lat' dir='ltr'><strong>*populus</strong></span> <span class='ocrx_word' id='word_1_32' title='bbox 1285 833 1314 881; x_wconf 64' lang='grc'><strong>*1.</strong></span> <span class='ocrx_word' id='word_1_33' title='bbox 1324 826 1373 876; x_wconf 74' lang='lat' dir='ltr'><strong>osb.</strong></span> 
     </span>
    </p>
   </div>
   <div class='ocr_carea' id='block_1_5' title="bbox 103 897 1382 3909">
    <p class='ocr_par' dir='ltr' id='par_1_5' title="bbox 147 897 1265 982">
     <span class='ocr_line' id='line_1_6' title="bbox 147 897 1265 982; baseline -0.003 -19"><span class='ocrx_word' id='word_1_34' title='bbox 147 904 251 982; x_wconf 87' lang='lat' dir='ltr'><strong>atque</strong></span> <span class='ocrx_word' id='word_1_35' title='bbox 284 898 386 963; x_wconf 86' lang='lat' dir='ltr'><strong>vallis</strong></span> <span class='ocrx_word' id='word_1_36' title='bbox 415 898 566 975; x_wconf 85' lang='lat' dir='ltr'><strong>Tidonis,</strong></span> <span class='ocrx_word' id='word_1_37' title='bbox 602 897 702 960; x_wconf 88' lang='lat' dir='ltr'><strong>vallis</strong></span> <span class='ocrx_word' id='word_1_38' title='bbox 732 898 840 961; x_wconf 90' lang='lat' dir='ltr'><strong>Nurie</strong></span> <span class='ocrx_word' id='word_1_39' title='bbox 876 903 912 962; x_wconf 90' lang='lat' dir='ltr'><strong>et</strong></span> <span class='ocrx_word' id='word_1_40' title='bbox 942 898 1061 962; x_wconf 84' lang='lat' dir='ltr'><strong>Trevie</strong></span> <span class='ocrx_word' id='word_1_41' title='bbox 1096 903 1132 962; x_wconf 94' lang='lat' dir='ltr'><strong>et</strong></span> <span class='ocrx_word' id='word_1_42' title='bbox 1165 898 1265 961; x_wconf 89' lang='lat' dir='ltr'><strong>vallis</strong></span> 
     </span>
    </p>

    <p class='ocr_par' dir='ltr' id='par_1_6' title="bbox 106 986 1379 1424">
     <span class='ocr_line' id='line_1_7' title="bbox 106 986 1266 1069; baseline 0.003 -22"><span class='ocrx_word' id='word_1_43' title='bbox 106 1007 119 1047; x_wconf 80' lang='lat' dir='ltr'><strong>s</strong></span> <span class='ocrx_word' id='word_1_44' title='bbox 146 988 240 1052; x_wconf 75' lang='lat' dir='ltr'><strong>&#39;l&#39;arii</strong></span> <span class='ocrx_word' id='word_1_45' title='bbox 263 991 299 1052; x_wconf 88' lang='grc'><strong>91</strong></span> <span class='ocrx_word' id='word_1_46' title='bbox 314 987 415 1051; x_wconf 88' lang='lat' dir='ltr'><strong>vallis</strong></span> <span class='ocrx_word' id='word_1_47' title='bbox 432 986 516 1051; x_wconf 78' lang='lat' dir='ltr'><strong>Geni</strong></span> <span class='ocrx_word' id='word_1_48' title='bbox 532 987 703 1069; x_wconf 86' lang='lat' dir='ltr'><strong>sagittarii</strong></span> <span class='ocrx_word' id='word_1_49' title='bbox 720 987 896 1050; x_wconf 86' lang='lat' dir='ltr'><strong>civitatem</strong></span> <span class='ocrx_word' id='word_1_50' title='bbox 912 987 1090 1051; x_wconf 90' lang='lat' dir='ltr'><strong>Placentie</strong></span> <span class='ocrx_word' id='word_1_51' title='bbox 1107 988 1266 1052; x_wconf 84' lang='lat' dir='ltr'><strong>exierunt</strong></span> 
     </span>
     <span class='ocr_line' id='line_1_8' title="bbox 146 1075 1266 1140; baseline -0.002 0"><span class='ocrx_word' id='word_1_52' title='bbox 146 1077 184 1140; x_wconf 91' lang='lat' dir='ltr'><strong>in</strong></span> <span class='ocrx_word' id='word_1_53' title='bbox 207 1097 407 1140; x_wconf 78' lang='lat' dir='ltr'><strong>succursum</strong></span> <span class='ocrx_word' id='word_1_54' title='bbox 431 1078 467 1139; x_wconf 97' lang='lat' dir='ltr'><strong>et</strong></span> <span class='ocrx_word' id='word_1_55' title='bbox 490 1075 656 1138; x_wconf 84' lang='lat' dir='ltr'><strong>auxilium</strong></span> <span class='ocrx_word' id='word_1_56' title='bbox 681 1076 866 1138; x_wconf 88' lang='lat' dir='ltr'><strong>amicorum</strong></span> <span class='ocrx_word' id='word_1_57' title='bbox 890 1078 1087 1139; x_wconf 89' lang='lat' dir='ltr'><strong>nostrorum</strong></span> <span class='ocrx_word' id='word_1_58' title='bbox 1104 1076 1266 1140; x_wconf 90' lang='lat' dir='ltr'><strong>Mediola-</strong></span> 
     </span>
     <span class='ocr_line' id='line_1_9' title="bbox 147 1165 1266 1248; baseline -0.001 -20"><span class='ocrx_word' id='word_1_59' title='bbox 147 1165 307 1230; x_wconf 90' lang='lat' dir='ltr'><strong>nensium</strong></span> <span class='ocrx_word' id='word_1_60' title='bbox 344 1165 514 1248; x_wconf 88' lang='lat' dir='ltr'><strong>proficisci</strong></span> <span class='ocrx_word' id='word_1_61' title='bbox 553 1168 789 1247; x_wconf 68' lang='lat' dir='ltr'><strong>properantes</strong></span> <span class='ocrx_word' id='word_1_62' title='bbox 837 1167 872 1228; x_wconf 91' lang='lat' dir='ltr'><strong>et</strong></span> <span class='ocrx_word' id='word_1_63' title='bbox 918 1165 1037 1228; x_wconf 88' lang='lat' dir='ltr'><strong>eadem</strong></span> <span class='ocrx_word' id='word_1_64' title='bbox 1079 1165 1135 1229; x_wconf 86' lang='lat' dir='ltr'><strong>die</strong></span> <span class='ocrx_word' id='word_1_65' title='bbox 1174 1166 1266 1248; x_wconf 89' lang='lat' dir='ltr'><strong>apud</strong></span> 
     </span>
     <span class='ocr_line' id='line_1_10' title="bbox 148 1252 1379 1336; baseline 0.003 -20"><span class='ocrx_word' id='word_1_66' title='bbox 148 1255 303 1319; x_wconf 85' lang='lat' dir='ltr'><strong>Laudem</strong></span> <span class='ocrx_word' id='word_1_67' title='bbox 331 1254 425 1317; x_wconf 89' lang='lat' dir='ltr'><strong>ultra</strong></span> <span class='ocrx_word' id='word_1_68' title='bbox 448 1254 585 1316; x_wconf 84' lang='lat' dir='ltr'><strong>Aduam</strong></span> <span class='ocrx_word' id='word_1_69' title='bbox 616 1252 893 1336; x_wconf 82' lang='lat' dir='ltr'><strong>albergaverunt.</strong></span> <span class='ocrx_word' id='word_1_70' title='bbox 940 1253 1062 1317; x_wconf 88' lang='lat' dir='ltr'><strong>Altera</strong></span> <span class='ocrx_word' id='word_1_71' title='bbox 1085 1254 1141 1318; x_wconf 90' lang='lat' dir='ltr'><strong>die</strong></span> <span class='ocrx_word' id='word_1_72' title='bbox 1175 1255 1267 1336; x_wconf 87' lang='lat' dir='ltr'><strong>apud</strong></span> <span class='ocrx_word' id='word_1_73' title='bbox 1286 1279 1379 1320; x_wconf 63' lang='grc'>19119.</span> 
     </span>
     <span class='ocr_line' id='line_1_11' title="bbox 149 1342 1267 1424; baseline -0.003 -17"><span class='ocrx_word' id='word_1_74' title='bbox 149 1342 307 1407; x_wconf 60' lang='lat' dir='ltr'><strong>(tremam</strong></span> <span class='ocrx_word' id='word_1_75' title='bbox 330 1342 424 1405; x_wconf 87' lang='lat' dir='ltr'><strong>ultra</strong></span> <span class='ocrx_word' id='word_1_76' title='bbox 447 1342 580 1406; x_wconf 81' lang='lat' dir='ltr'><strong>Serium</strong></span> <span class='ocrx_word' id='word_1_77' title='bbox 605 1342 772 1424; x_wconf 88' lang='lat' dir='ltr'><strong>hospitati</strong></span> <span class='ocrx_word' id='word_1_78' title='bbox 795 1342 949 1405; x_wconf 85' lang='lat' dir='ltr'><strong>fuerunt.</strong></span> <span class='ocrx_word' id='word_1_79' title='bbox 991 1342 1267 1406; x_wconf 79' lang='lat' dir='ltr'>Mediolanenses</span> 
     </span>
    </p>

    <p class='ocr_par' dir='ltr' id='par_1_7' title="bbox 103 1429 1268 1851">
     <span class='ocr_line' id='line_1_12' title="bbox 103 1429 1268 1514; baseline -0.001 -21"><span class='ocrx_word' id='word_1_80' title='bbox 103 1454 130 1493; x_wconf 89' lang='lat'><strong>10</strong></span> <span class='ocrx_word' id='word_1_81' title='bbox 148 1452 229 1496; x_wconf 87' lang='lat' dir='ltr'><strong>vero</strong></span> <span class='ocrx_word' id='word_1_82' title='bbox 252 1432 289 1494; x_wconf 87' lang='lat' dir='ltr'><strong>in</strong></span> <span class='ocrx_word' id='word_1_83' title='bbox 312 1434 440 1495; x_wconf 90' lang='lat' dir='ltr'><strong>terram</strong></span> <span class='ocrx_word' id='word_1_84' title='bbox 465 1429 744 1494; x_wconf 80' lang='lat' dir='ltr'><strong>Cremonensium</strong></span> <span class='ocrx_word' id='word_1_85' title='bbox 768 1431 983 1494; x_wconf 87' lang='lat' dir='ltr'><strong>intraverant</strong></span> <span class='ocrx_word' id='word_1_86' title='bbox 1013 1433 1049 1494; x_wconf 88' lang='lat' dir='ltr'><strong>et</strong></span> <span class='ocrx_word' id='word_1_87' title='bbox 1072 1451 1178 1514; x_wconf 87' lang='lat' dir='ltr'><strong>prope</strong></span> <span class='ocrx_word' id='word_1_88' title='bbox 1201 1431 1268 1493; x_wconf 84' lang='lat' dir='ltr'><strong>Ru-</strong></span> 
     </span>
     <span class='ocr_line' id='line_1_13' title="bbox 148 1517 1266 1604; baseline -0.003 -20"><span class='ocrx_word' id='word_1_89' title='bbox 148 1525 379 1604; x_wconf 73' lang='lat' dir='ltr'><strong>manengum⁸</strong></span> <span class='ocrx_word' id='word_1_90' title='bbox 406 1522 556 1583; x_wconf 80' lang='lat' dir='ltr'><strong>castrum</strong></span> <span class='ocrx_word' id='word_1_91' title='bbox 591 1517 757 1582; x_wconf 82' lang='lat' dir='ltr'><strong>Cremone</strong></span> <span class='ocrx_word' id='word_1_92' title='bbox 788 1540 866 1583; x_wconf 88' lang='lat' dir='ltr'><strong>suas</strong></span> <span class='ocrx_word' id='word_1_93' title='bbox 901 1521 1004 1583; x_wconf 85' lang='lat' dir='ltr'><strong>fixere</strong></span> <span class='ocrx_word' id='word_1_94' title='bbox 1040 1519 1266 1602; x_wconf 60' lang='lat' dir='ltr'><strong>albergariam</strong></span> 
     </span>
     <span class='ocr_line' id='line_1_14' title="bbox 149 1608 1266 1692; baseline -0.003 -19"><span class='ocrx_word' id='word_1_95' title='bbox 149 1612 186 1674; x_wconf 87' lang='lat' dir='ltr'><strong>et</strong></span> <span class='ocrx_word' id='word_1_96' title='bbox 201 1629 242 1673; x_wconf 88' lang='lat' dir='ltr'><strong>ea</strong></span> <span class='ocrx_word' id='word_1_97' title='bbox 254 1608 310 1673; x_wconf 89' lang='lat' dir='ltr'><strong>die</strong></span> <span class='ocrx_word' id='word_1_98' title='bbox 323 1612 471 1672; x_wconf 75' lang='lat' dir='ltr'><strong>castrum</strong></span> <span class='ocrx_word' id='word_1_99' title='bbox 486 1608 618 1671; x_wconf 85' lang='lat' dir='ltr'><strong>Trivuli</strong></span> <span class='ocrx_word' id='word_1_100' title='bbox 630 1629 691 1691; x_wconf 88' lang='lat' dir='ltr'><strong>per</strong></span> <span class='ocrx_word' id='word_1_101' title='bbox 703 1608 771 1671; x_wconf 88' lang='lat' dir='ltr'><strong>vim</strong></span> <span class='ocrx_word' id='word_1_102' title='bbox 786 1611 950 1692; x_wconf 87' lang='lat' dir='ltr'><strong>ceperunt</strong></span> <span class='ocrx_word' id='word_1_103' title='bbox 964 1612 999 1672; x_wconf 89' lang='lat' dir='ltr'><strong>et</strong></span> <span class='ocrx_word' id='word_1_104' title='bbox 1012 1609 1266 1682; x_wconf 86' lang='lat' dir='ltr'><strong>destruxerunt,</strong></span> 
     </span>
     <span class='ocr_line' id='line_1_15' title="bbox 148 1697 1268 1781; baseline -0.002 -21"><span class='ocrx_word' id='word_1_105' title='bbox 148 1698 186 1760; x_wconf 93' lang='lat' dir='ltr'><strong>in</strong></span> <span class='ocrx_word' id='word_1_106' title='bbox 209 1718 277 1781; x_wconf 91' lang='lat' dir='ltr'><strong>quo</strong></span> <span class='ocrx_word' id='word_1_107' title='bbox 301 1698 393 1761; x_wconf 87' lang='lat' dir='ltr'><strong>circa</strong></span> <span class='ocrx_word' id='word_1_108' title='bbox 416 1697 479 1759; x_wconf 90' lang='lat' dir='ltr'><strong>LX</strong></span> <span class='ocrx_word' id='word_1_109' title='bbox 502 1697 658 1761; x_wconf 91' lang='lat' dir='ltr'><strong>homines</strong></span> <span class='ocrx_word' id='word_1_110' title='bbox 682 1697 888 1775; x_wconf 89' lang='lat' dir='ltr'><strong>habuerunt,</strong></span> <span class='ocrx_word' id='word_1_111' title='bbox 921 1718 1005 1779; x_wconf 92' lang='lat' dir='ltr'><strong>quos</strong></span> <span class='ocrx_word' id='word_1_112' title='bbox 1028 1698 1137 1761; x_wconf 88' lang='lat' dir='ltr'><strong>victos</strong></span> <span class='ocrx_word' id='word_1_113' title='bbox 1162 1701 1197 1761; x_wconf 90' lang='lat' dir='ltr'><strong>et</strong></span> <span class='ocrx_word' id='word_1_114' title='bbox 1218 1697 1268 1759; x_wconf 91' lang='lat' dir='ltr'><strong>in-</strong></span> 
     </span>
     <span class='ocr_line' id='line_1_16' title="bbox 150 1779 794 1851; baseline -0.006 0"><span class='ocrx_word' id='word_1_115' title='bbox 150 1779 361 1851; x_wconf 81' lang='lat' dir='ltr'><strong>carceratosb</strong></span> <span class='ocrx_word' id='word_1_116' title='bbox 390 1807 505 1850; x_wconf 90' lang='lat' dir='ltr'><strong>secum</strong></span> <span class='ocrx_word' id='word_1_117' title='bbox 530 1786 712 1850; x_wconf 84' lang='lat' dir='ltr'><strong>duxerunt.</strong></span> <span class='ocrx_word' id='word_1_118' title='bbox 787 1812 794 1824; x_wconf 94' lang='lat'><strong>·</strong></span> 
     </span>
    </p>

    <p class='ocr_par' dir='ltr' id='par_1_8' title="bbox 103 1874 1382 2312">
     <span class='ocr_line' id='line_1_17' title="bbox 103 1874 1382 1957; baseline 0.004 -21"><span class='ocrx_word' id='word_1_119' title='bbox 103 1896 130 1936; x_wconf 80' lang='lat'><strong>15</strong></span> <span class='ocrx_word' id='word_1_120' title='bbox 257 1875 323 1939; x_wconf 89' lang='lat' dir='ltr'><strong>Die</strong></span> <span class='ocrx_word' id='word_1_121' title='bbox 346 1895 427 1938; x_wconf 87' lang='lat' dir='ltr'><strong>vero</strong></span> <span class='ocrx_word' id='word_1_122' title='bbox 442 1874 535 1938; x_wconf 89' lang='lat' dir='ltr'><strong>Iovis</strong></span> <span class='ocrx_word' id='word_1_123' title='bbox 554 1875 711 1957; x_wconf 76' lang='lat' dir='ltr'><strong>sequenti</strong></span> <span class='ocrx_word' id='word_1_124' title='bbox 729 1874 923 1938; x_wconf 86' lang='lat' dir='ltr'><strong>Placentini</strong></span> <span class='ocrx_word' id='word_1_125' title='bbox 942 1879 977 1939; x_wconf 93' lang='lat' dir='ltr'><strong>et</strong></span> <span class='ocrx_word' id='word_1_126' title='bbox 993 1874 1267 1938; x_wconf 79' lang='lat' dir='ltr'><strong>Mediolanenses</strong></span> <span class='ocrx_word' id='word_1_127' title='bbox 1287 1897 1382 1941; x_wconf 64' lang='lat' dir='ltr'><strong>ruam.</strong></span> 
     </span>
     <span class='ocr_line' id='line_1_18' title="bbox 149 1962 1268 2046; baseline -0.001 -19"><span class='ocrx_word' id='word_1_128' title='bbox 149 1962 292 2027; x_wconf 89' lang='lat' dir='ltr'><strong>insimul</strong></span> <span class='ocrx_word' id='word_1_129' title='bbox 321 1984 356 2028; x_wconf 90' lang='lat' dir='ltr'><strong>se</strong></span> <span class='ocrx_word' id='word_1_130' title='bbox 387 1965 622 2027; x_wconf 78' lang='lat' dir='ltr'><strong>coadunantes</strong></span> <span class='ocrx_word' id='word_1_131' title='bbox 645 1963 737 2046; x_wconf 90' lang='lat' dir='ltr'><strong>apud</strong></span> <span class='ocrx_word' id='word_1_132' title='bbox 762 1963 992 2027; x_wconf 88' lang='lat' dir='ltr'><strong>Zovenoldum</strong></span> <span class='ocrx_word' id='word_1_133' title='bbox 1018 1967 1166 2028; x_wconf 89' lang='lat' dir='ltr'><strong>castrum</strong></span> <span class='ocrx_word' id='word_1_134' title='bbox 1192 1962 1268 2026; x_wconf 84' lang='lat' dir='ltr'><strong>Ore·</strong></span> 
     </span>
     <span class='ocr_line' id='line_1_19' title="bbox 149 2052 1267 2135; baseline -0.002 -19"><span class='ocrx_word' id='word_1_135' title='bbox 149 2073 251 2117; x_wconf 89' lang='lat' dir='ltr'><strong>mone</strong></span> <span class='ocrx_word' id='word_1_136' title='bbox 268 2054 527 2116; x_wconf 82' lang='lat' dir='ltr'><strong>castramentati</strong></span> <span class='ocrx_word' id='word_1_137' title='bbox 542 2053 686 2116; x_wconf 81' lang='lat' dir='ltr'><strong>fuerunt</strong></span> <span class='ocrx_word' id='word_1_138' title='bbox 697 2052 718 2127; x_wconf 82' lang='lat'><strong>1,</strong></span> <span class='ocrx_word' id='word_1_139' title='bbox 736 2056 771 2115; x_wconf 92' lang='lat' dir='ltr'><strong>et</strong></span> <span class='ocrx_word' id='word_1_140' title='bbox 788 2073 829 2116; x_wconf 88' lang='lat' dir='ltr'><strong>ea</strong></span> <span class='ocrx_word' id='word_1_141' title='bbox 844 2053 900 2116; x_wconf 91' lang='lat' dir='ltr'><strong>die</strong></span> <span class='ocrx_word' id='word_1_142' title='bbox 916 2053 1024 2135; x_wconf 90' lang='lat' dir='ltr'><strong>ipsius</strong></span> <span class='ocrx_word' id='word_1_143' title='bbox 1039 2052 1108 2116; x_wconf 90' lang='lat' dir='ltr'><strong>loci</strong></span> <span class='ocrx_word' id='word_1_144' title='bbox 1119 2053 1267 2135; x_wconf 84' lang='lat' dir='ltr'><strong>burgum</strong></span> 
     </span>
     <span class='ocr_line' id='line_1_20' title="bbox 150 2141 1269 2224; baseline -0.002 -20"><span class='ocrx_word' id='word_1_145' title='bbox 150 2142 314 2205; x_wconf 89' lang='lat' dir='ltr'><strong>maiorem</strong></span> <span class='ocrx_word' id='word_1_146' title='bbox 330 2144 366 2206; x_wconf 89' lang='lat' dir='ltr'><strong>et</strong></span> <span class='ocrx_word' id='word_1_147' title='bbox 381 2141 557 2205; x_wconf 90' lang='lat' dir='ltr'><strong>meliorem</strong></span> <span class='ocrx_word' id='word_1_148' title='bbox 575 2141 801 2204; x_wconf 74' lang='grc' dir='ltr'><strong>Ρ9119111112</strong></span> <span class='ocrx_word' id='word_1_149' title='bbox 824 2145 999 2224; x_wconf 85' lang='lat' dir='ltr'><strong>ceperunt,</strong></span> <span class='ocrx_word' id='word_1_150' title='bbox 1025 2142 1269 2205; x_wconf 84' lang='lat' dir='ltr'><strong>destruxerunt</strong></span> 
     </span>
     <span class='ocr_line' id='line_1_21' title="bbox 151 2230 1268 2312; baseline -0.002 -18"><span class='ocrx_word' id='word_1_151' title='bbox 151 2234 187 2294; x_wconf 94' lang='lat' dir='ltr'><strong>et</strong></span> <span class='ocrx_word' id='word_1_152' title='bbox 210 2230 453 2306; x_wconf 83' lang='lat' dir='ltr'><strong>conbuserunt,</strong></span> <span class='ocrx_word' id='word_1_153' title='bbox 479 2230 595 2292; x_wconf 88' lang='lat' dir='ltr'><strong>vineas</strong></span> <span class='ocrx_word' id='word_1_154' title='bbox 615 2250 758 2312; x_wconf 90' lang='lat' dir='ltr'><strong>quoque,</strong></span> <span class='ocrx_word' id='word_1_155' title='bbox 784 2230 922 2294; x_wconf 91' lang='lat' dir='ltr'><strong>arbores</strong></span> <span class='ocrx_word' id='word_1_156' title='bbox 946 2233 981 2293; x_wconf 91' lang='lat' dir='ltr'><strong>ct</strong></span> <span class='ocrx_word' id='word_1_157' title='bbox 1005 2230 1090 2293; x_wconf 88' lang='lat' dir='ltr'><strong>alias</strong></span> <span class='ocrx_word' id='word_1_158' title='bbox 1114 2249 1177 2306; x_wconf 91' lang='lat' dir='ltr'><strong>res,</strong></span> <span class='ocrx_word' id='word_1_159' title='bbox 1202 2250 1268 2311; x_wconf 90' lang='lat' dir='ltr'><strong>que</strong></span> 
     </span>
    </p>

    <p class='ocr_par' dir='ltr' id='par_1_9' title="bbox 104 2318 1053 2402">
     <span class='ocr_line' id='line_1_22' title="bbox 104 2318 1053 2402; baseline 0 -23"><span class='ocrx_word' id='word_1_160' title='bbox 104 2322 251 2383; x_wconf 82' lang='grc'>1991111</span> <span class='ocrx_word' id='word_1_161' title='bbox 275 2320 366 2383; x_wconf 87' lang='lat' dir='ltr'><strong>circa</strong></span> <span class='ocrx_word' id='word_1_162' title='bbox 388 2319 501 2402; x_wconf 90' lang='lat' dir='ltr'><strong>ipsum</strong></span> <span class='ocrx_word' id='word_1_163' title='bbox 525 2318 648 2395; x_wconf 89' lang='lat' dir='ltr'><strong>locum,</strong></span> <span class='ocrx_word' id='word_1_164' title='bbox 675 2319 877 2402; x_wconf 88' lang='lat' dir='ltr'><strong>depopulati</strong></span> <span class='ocrx_word' id='word_1_165' title='bbox 899 2319 1053 2382; x_wconf 82' lang='lat' dir='ltr'><strong>fuerunt.</strong></span> 
     </span>
    </p>

    <p class='ocr_par' dir='ltr' id='par_1_10' title="bbox 152 2406 1382 2756">
     <span class='ocr_line' id='line_1_23' title="bbox 258 2406 1382 2489; baseline -0.002 -17"><span class='ocrx_word' id='word_1_166' title='bbox 258 2407 324 2472; x_wconf 87' lang='lat' dir='ltr'><strong>Die</strong></span> <span class='ocrx_word' id='word_1_167' title='bbox 354 2410 471 2470; x_wconf 86' lang='lat' dir='ltr'><strong>autem</strong></span> <span class='ocrx_word' id='word_1_168' title='bbox 494 2406 637 2471; x_wconf 87' lang='lat' dir='ltr'><strong>Veneris</strong></span> <span class='ocrx_word' id='word_1_169' title='bbox 668 2408 835 2489; x_wconf 83' lang='lat' dir='ltr'><strong>sequenti,</strong></span> <span class='ocrx_word' id='word_1_170' title='bbox 871 2407 991 2470; x_wconf 90' lang='lat' dir='ltr'><strong>castris</strong></span> <span class='ocrx_word' id='word_1_171' title='bbox 1024 2408 1163 2470; x_wconf 76' lang='lat' dir='ltr'><strong>eodem⁰</strong></span> <span class='ocrx_word' id='word_1_172' title='bbox 1192 2407 1382 2471; x_wconf 62' lang='grc'>19191919.</span> 
     </span>
     <span class='ocr_line' id='line_1_24' title="bbox 152 2495 1268 2572; baseline -0.004 -11"><span class='ocrx_word' id='word_1_173' title='bbox 152 2495 388 2572; x_wconf 85' lang='lat' dir='ltr'><strong>existentibus,</strong></span> <span class='ocrx_word' id='word_1_174' title='bbox 419 2495 548 2560; x_wconf 89' lang='lat' dir='ltr'><strong>milites</strong></span> <span class='ocrx_word' id='word_1_175' title='bbox 571 2496 760 2560; x_wconf 88' lang='lat' dir='ltr'><strong>Mediolani</strong></span> <span class='ocrx_word' id='word_1_176' title='bbox 791 2499 826 2559; x_wconf 91' lang='lat' dir='ltr'><strong>et</strong></span> <span class='ocrx_word' id='word_1_177' title='bbox 849 2495 1025 2559; x_wconf 87' lang='lat' dir='ltr'><strong>Placentie</strong></span> <span class='ocrx_word' id='word_1_178' title='bbox 1049 2516 1127 2558; x_wconf 90' lang='lat' dir='ltr'><strong>cum</strong></span> <span class='ocrx_word' id='word_1_179' title='bbox 1151 2516 1268 2558; x_wconf 91' lang='lat' dir='ltr'><strong>eorum</strong></span> 
     </span>
     <span class='ocr_line' id='line_1_25' title="bbox 152 2584 1268 2668; baseline -0.004 -18"><span class='ocrx_word' id='word_1_180' title='bbox 152 2585 340 2668; x_wconf 84' lang='lat' dir='ltr'><strong>sagittariis</strong></span> <span class='ocrx_word' id='word_1_181' title='bbox 365 2587 401 2649; x_wconf 91' lang='lat' dir='ltr'><strong>et</strong></span> <span class='ocrx_word' id='word_1_182' title='bbox 424 2585 621 2648; x_wconf 86' lang='lat' dir='ltr'><strong>marchione</strong></span> <span class='ocrx_word' id='word_1_183' title='bbox 640 2584 855 2668; x_wconf 84' lang='lat' dir='ltr'><strong>Malaspine3</strong></span> <span class='ocrx_word' id='word_1_184' title='bbox 878 2585 1129 2667; x_wconf 87' lang='lat' dir='ltr'><strong>equitaverunt,</strong></span> <span class='ocrx_word' id='word_1_185' title='bbox 1154 2584 1268 2647; x_wconf 89' lang='lat' dir='ltr'><strong>locum</strong></span> 
     </span>
     <span class='ocr_line' id='line_1_26' title="bbox 153 2669 1269 2756; baseline -0.002 -19"><span class='ocrx_word' id='word_1_186' title='bbox 153 2673 296 2738; x_wconf 87' lang='lat' dir='ltr'><strong>Sorisini</strong></span> <span class='ocrx_word' id='word_1_187' title='bbox 312 2677 347 2738; x_wconf 86' lang='lat' dir='ltr'><strong>et</strong></span> <span class='ocrx_word' id='word_1_188' title='bbox 363 2676 513 2737; x_wconf 85' lang='lat' dir='ltr'><strong>castrum</strong></span> <span class='ocrx_word' id='word_1_189' title='bbox 527 2671 686 2737; x_wconf 85' lang='lat' dir='ltr'><strong>Grutorti</strong></span> <span class='ocrx_word' id='word_1_190' title='bbox 702 2677 737 2737; x_wconf 93' lang='lat' dir='ltr'><strong>et</strong></span> <span class='ocrx_word' id='word_1_191' title='bbox 753 2674 902 2756; x_wconf 86' lang='lat' dir='ltr'><strong>burgum</strong></span> <span class='ocrx_word' id='word_1_192' title='bbox 918 2674 960 2737; x_wconf 91' lang='lat' dir='ltr'><strong>de</strong></span> <span class='ocrx_word' id='word_1_193' title='bbox 974 2669 1269 2737; x_wconf 73' lang='lat' dir='ltr'><strong>Casalelmorato</strong></span> 
     </span>
    </p>

    <p class='ocr_par' dir='ltr' id='par_1_11' title="bbox 106 2762 1270 3003">
     <span class='ocr_line' id='line_1_27' title="bbox 106 2762 1269 2845; baseline 0.003 -23"><span class='ocrx_word' id='word_1_194' title='bbox 106 2762 325 2827; x_wconf 79' lang='grc'>1191199111</span> <span class='ocrx_word' id='word_1_195' title='bbox 348 2763 449 2826; x_wconf 88' lang='lat' dir='ltr'><strong>Anne</strong></span> <span class='ocrx_word' id='word_1_196' title='bbox 473 2765 639 2845; x_wconf 89' lang='lat' dir='ltr'><strong>ceperunt</strong></span> <span class='ocrx_word' id='word_1_197' title='bbox 669 2765 704 2826; x_wconf 91' lang='lat' dir='ltr'><strong>et</strong></span> <span class='ocrx_word' id='word_1_198' title='bbox 728 2762 969 2838; x_wconf 87' lang='lat' dir='ltr'><strong>conbuserunt,</strong></span> <span class='ocrx_word' id='word_1_199' title='bbox 994 2763 1111 2826; x_wconf 90' lang='lat' dir='ltr'><strong>vineas</strong></span> <span class='ocrx_word' id='word_1_200' title='bbox 1135 2783 1269 2845; x_wconf 90' lang='lat' dir='ltr'><strong>quoque</strong></span> 
     </span>
     <span class='ocr_line' id='line_1_28' title="bbox 151 2850 1270 2927; baseline -0.002 -13"><span class='ocrx_word' id='word_1_201' title='bbox 151 2851 280 2915; x_wconf 86' lang='lat' dir='ltr'><strong>multas</strong></span> <span class='ocrx_word' id='word_1_202' title='bbox 310 2851 401 2915; x_wconf 89' lang='lat' dir='ltr'><strong>circa</strong></span> <span class='ocrx_word' id='word_1_203' title='bbox 430 2850 545 2915; x_wconf 91' lang='lat' dir='ltr'><strong>locum</strong></span> <span class='ocrx_word' id='word_1_204' title='bbox 569 2850 726 2927; x_wconf 82' lang='lat' dir='ltr'><strong>Sorixini,</strong></span> <span class='ocrx_word' id='word_1_205' title='bbox 758 2852 895 2915; x_wconf 89' lang='lat' dir='ltr'><strong>arbores</strong></span> <span class='ocrx_word' id='word_1_206' title='bbox 926 2854 961 2916; x_wconf 89' lang='lat' dir='ltr'><strong>et</strong></span> <span class='ocrx_word' id='word_1_207' title='bbox 991 2851 1076 2914; x_wconf 86' lang='lat' dir='ltr'><strong>alias</strong></span> <span class='ocrx_word' id='word_1_208' title='bbox 1106 2872 1159 2916; x_wconf 89' lang='lat' dir='ltr'><strong>res</strong></span> <span class='ocrx_word' id='word_1_209' title='bbox 1188 2852 1270 2914; x_wconf 86' lang='lat' dir='ltr'><strong>inei·</strong></span> 
     </span>
     <span class='ocr_line' id='line_1_29' title="bbox 153 2940 593 3003; baseline -0.005 0"><span class='ocrx_word' id='word_1_210' title='bbox 153 2940 280 3003; x_wconf 90' lang='lat' dir='ltr'><strong>derunt</strong></span> <span class='ocrx_word' id='word_1_211' title='bbox 303 2943 338 3003; x_wconf 88' lang='lat' dir='ltr'><strong>et</strong></span> <span class='ocrx_word' id='word_1_212' title='bbox 362 2943 593 3003; x_wconf 84' lang='lat' dir='ltr'><strong>vastaverunt.</strong></span> 
     </span>
    </p>

    <p class='ocr_par' dir='ltr' id='par_1_12' title="bbox 152 3028 1363 3200">
     <span class='ocr_line' id='line_1_30' title="bbox 259 3028 1363 3112; baseline 0 -21"><span class='ocrx_word' id='word_1_213' title='bbox 259 3028 325 3092; x_wconf 91' lang='lat' dir='ltr'><strong>Dic</strong></span> <span class='ocrx_word' id='word_1_214' title='bbox 338 3030 341 3034; x_wconf 84' lang='grc'>’</span> <span class='ocrx_word' id='word_1_215' title='bbox 356 3028 492 3092; x_wconf 90' lang='lat' dir='ltr'><strong>sabbati</strong></span> <span class='ocrx_word' id='word_1_216' title='bbox 522 3028 632 3112; x_wconf 87' lang='lat' dir='ltr'><strong>primo</strong></span> <span class='ocrx_word' id='word_1_217' title='bbox 662 3029 788 3091; x_wconf 90' lang='lat' dir='ltr'><strong>mensis</strong></span> <span class='ocrx_word' id='word_1_218' title='bbox 812 3028 896 3090; x_wconf 92' lang='lat' dir='ltr'><strong>Iulii</strong></span> <span class='ocrx_word' id='word_1_219' title='bbox 925 3049 987 3091; x_wconf 90' lang='lat' dir='ltr'><strong>sua</strong></span> <span class='ocrx_word' id='word_1_220' title='bbox 1017 3029 1176 3092; x_wconf 91' lang='lat' dir='ltr'><strong>similiter</strong></span> <span class='ocrx_word' id='word_1_221' title='bbox 1203 3049 1270 3091; x_wconf 91' lang='lat' dir='ltr'><strong>mo·</strong></span> <span class='ocrx_word' id='word_1_222' title='bbox 1289 3051 1332 3093; x_wconf 78' lang='grc'><strong>19.</strong></span> <span class='ocrx_word' id='word_1_223' title='bbox 1344 3052 1363 3091; x_wconf 87' lang='grc'><strong>1.</strong></span> 
     </span>
     <span class='ocr_line' id='line_1_31' title="bbox 152 3116 1271 3200; baseline -0.001 -20"><span class='ocrx_word' id='word_1_224' title='bbox 152 3121 278 3181; x_wconf 86' lang='lat' dir='ltr'><strong>verunt</strong></span> <span class='ocrx_word' id='word_1_225' title='bbox 312 3120 434 3194; x_wconf 88' lang='lat' dir='ltr'><strong>castra,</strong></span> <span class='ocrx_word' id='word_1_226' title='bbox 471 3117 561 3180; x_wconf 86' lang='lat' dir='ltr'><strong>circa</strong></span> <span class='ocrx_word' id='word_1_227' title='bbox 596 3119 746 3180; x_wconf 88' lang='lat' dir='ltr'><strong>castrum</strong></span> <span class='ocrx_word' id='word_1_228' title='bbox 782 3116 952 3180; x_wconf 86' lang='lat' dir='ltr'><strong>Alzanelli</strong></span> <span class='ocrx_word' id='word_1_229' title='bbox 985 3137 1047 3180; x_wconf 88' lang='lat' dir='ltr'><strong>sua</strong></span> <span class='ocrx_word' id='word_1_230' title='bbox 1081 3120 1271 3200; x_wconf 90' lang='lat' dir='ltr'><strong>posuerunt</strong></span> 
     </span>
    </p>

    <p class='ocr_par' dir='ltr' id='par_1_13' title="bbox 107 3205 1376 3624">
     <span class='ocr_line' id='line_1_32' title="bbox 107 3205 1271 3288; baseline 0 -20"><span class='ocrx_word' id='word_1_231' title='bbox 107 3227 135 3268; x_wconf 81' lang='grc'><strong>11</strong></span> <span class='ocrx_word' id='word_1_232' title='bbox 154 3208 280 3282; x_wconf 88' lang='lat' dir='ltr'><strong>castra;</strong></span> <span class='ocrx_word' id='word_1_233' title='bbox 321 3206 412 3288; x_wconf 91' lang='lat' dir='ltr'><strong>quod</strong></span> <span class='ocrx_word' id='word_1_234' title='bbox 451 3208 600 3269; x_wconf 89' lang='lat' dir='ltr'><strong>castrum</strong></span> <span class='ocrx_word' id='word_1_235' title='bbox 637 3205 789 3287; x_wconf 92' lang='lat' dir='ltr'><strong>undique</strong></span> <span class='ocrx_word' id='word_1_236' title='bbox 824 3209 898 3269; x_wconf 88' lang='lat' dir='ltr'><strong>erat</strong></span> <span class='ocrx_word' id='word_1_237' title='bbox 933 3209 1117 3268; x_wconf 87' lang='lat' dir='ltr'><strong>muratum.</strong></span> <span class='ocrx_word' id='word_1_238' title='bbox 1174 3205 1271 3268; x_wconf 91' lang='lat' dir='ltr'><strong>Illud</strong></span> 
     </span>
     <span class='ocr_line' id='line_1_33' title="bbox 153 3293 1376 3377; baseline 0.002 -21"><span class='ocrx_word' id='word_1_239' title='bbox 153 3294 291 3376; x_wconf 89' lang='lat' dir='ltr'><strong>quidem</strong></span> <span class='ocrx_word' id='word_1_240' title='bbox 317 3293 512 3358; x_wconf 86' lang='lat' dir='ltr'><strong>*diruerunt</strong></span> <span class='ocrx_word' id='word_1_241' title='bbox 536 3297 571 3358; x_wconf 90' lang='lat' dir='ltr'><strong>et</strong></span> <span class='ocrx_word' id='word_1_242' title='bbox 587 3294 726 3377; x_wconf 90' lang='lat' dir='ltr'><strong>penitus</strong></span> <span class='ocrx_word' id='word_1_243' title='bbox 743 3294 995 3371; x_wconf 86' lang='lat' dir='ltr'><strong>destruxerunt,</strong></span> <span class='ocrx_word' id='word_1_244' title='bbox 1021 3294 1168 3376; x_wconf 86' lang='lat' dir='ltr'><strong>burgum</strong></span> <span class='ocrx_word' id='word_1_245' title='bbox 1193 3314 1271 3375; x_wconf 94' lang='lat' dir='ltr'><strong>quo·</strong></span> <span class='ocrx_word' id='word_1_246' title='bbox 1289 3315 1376 3364; x_wconf 57' lang='lat' dir='ltr'><strong>rasso.</strong></span> 
     </span>
     <span class='ocr_line' id='line_1_34' title="bbox 154 3382 1271 3467; baseline -0.001 -22"><span class='ocrx_word' id='word_1_247' title='bbox 154 3403 219 3465; x_wconf 88' lang='lat' dir='ltr'><strong>que</strong></span> <span class='ocrx_word' id='word_1_248' title='bbox 243 3404 415 3467; x_wconf 87' lang='lat' dir='ltr'><strong>magnum,</strong></span> <span class='ocrx_word' id='word_1_249' title='bbox 445 3383 651 3465; x_wconf 89' lang='lat' dir='ltr'><strong>quodcirca</strong></span> <span class='ocrx_word' id='word_1_250' title='bbox 679 3382 767 3446; x_wconf 91' lang='lat' dir='ltr'><strong>illud</strong></span> <span class='ocrx_word' id='word_1_251' title='bbox 798 3386 948 3446; x_wconf 87' lang='lat' dir='ltr'><strong>castrum</strong></span> <span class='ocrx_word' id='word_1_252' title='bbox 979 3386 1062 3458; x_wconf 88' lang='lat' dir='ltr'><strong>erat,</strong></span> <span class='ocrx_word' id='word_1_253' title='bbox 1093 3383 1173 3465; x_wconf 86' lang='lat' dir='ltr'><strong>igne</strong></span> <span class='ocrx_word' id='word_1_254' title='bbox 1204 3402 1271 3445; x_wconf 88' lang='lat' dir='ltr'><strong>cre·</strong></span> 
     </span>
     <span class='ocr_line' id='line_1_35' title="bbox 154 3470 1271 3554; baseline -0.002 -20"><span class='ocrx_word' id='word_1_255' title='bbox 154 3475 350 3549; x_wconf 81' lang='lat' dir='ltr'><strong>maverunt3</strong></span> <span class='ocrx_word' id='word_1_256' title='bbox 383 3476 419 3536; x_wconf 90' lang='lat' dir='ltr'><strong>et</strong></span> <span class='ocrx_word' id='word_1_257' title='bbox 449 3492 490 3535; x_wconf 90' lang='lat' dir='ltr'><strong>ea</strong></span> <span class='ocrx_word' id='word_1_258' title='bbox 519 3471 574 3535; x_wconf 89' lang='lat' dir='ltr'><strong>die</strong></span> <span class='ocrx_word' id='word_1_259' title='bbox 605 3474 756 3535; x_wconf 87' lang='lat' dir='ltr'><strong>castrum</strong></span> <span class='ocrx_word' id='word_1_260' title='bbox 787 3475 822 3536; x_wconf 91' lang='lat' dir='ltr'><strong>et</strong></span> <span class='ocrx_word' id='word_1_261' title='bbox 850 3472 998 3554; x_wconf 88' lang='lat' dir='ltr'><strong>burgum</strong></span> <span class='ocrx_word' id='word_1_262' title='bbox 1022 3471 1065 3535; x_wconf 88' lang='lat' dir='ltr'><strong>de</strong></span> <span class='ocrx_word' id='word_1_263' title='bbox 1089 3470 1271 3534; x_wconf 84' lang='lat' dir='ltr'><strong>Platabixa</strong></span> 
     </span>
     <span class='ocr_line' id='line_1_36' title="bbox 154 3559 1332 3624; baseline 0 -2"><span class='ocrx_word' id='word_1_264' title='bbox 154 3559 313 3624; x_wconf 87' lang='lat' dir='ltr'><strong>similiter</strong></span> <span class='ocrx_word' id='word_1_265' title='bbox 336 3560 518 3624; x_wconf 87' lang='lat' dir='ltr'><strong>diruerunt</strong></span> <span class='ocrx_word' id='word_1_266' title='bbox 541 3564 577 3624; x_wconf 92' lang='lat' dir='ltr'><strong>et</strong></span> <span class='ocrx_word' id='word_1_267' title='bbox 601 3561 845 3624; x_wconf 86' lang='lat' dir='ltr'><strong>destruxerunt</strong></span> <span class='ocrx_word' id='word_1_268' title='bbox 875 3563 910 3624; x_wconf 88' lang='lat' dir='ltr'><strong>et</strong></span> <span class='ocrx_word' id='word_1_269' title='bbox 934 3560 1071 3624; x_wconf 88' lang='lat' dir='ltr'><strong>arbores</strong></span> <span class='ocrx_word' id='word_1_270' title='bbox 1096 3563 1131 3623; x_wconf 88' lang='lat' dir='ltr'><strong>et</strong></span> <span class='ocrx_word' id='word_1_271' title='bbox 1153 3560 1271 3622; x_wconf 83' lang='lat' dir='ltr'><strong>vincas</strong></span> <span class='ocrx_word' id='word_1_272' title='bbox 1327 3579 1332 3597; x_wconf 72' lang='lat'><strong><em>‘</em></strong></span> 
     </span>
    </p>

    <p class='ocr_par' dir='ltr' id='par_1_14' title="bbox 108 3648 1364 3909">
     <span class='ocr_line' id='line_1_37' title="bbox 108 3648 1364 3714; baseline 0.003 -4"><span class='ocrx_word' id='word_1_273' title='bbox 108 3670 135 3710; x_wconf 79' lang='lat' dir='ltr'><strong>as</strong></span> <span class='ocrx_word' id='word_1_274' title='bbox 154 3651 190 3712; x_wconf 90' lang='lat' dir='ltr'><strong>et</strong></span> <span class='ocrx_word' id='word_1_275' title='bbox 213 3648 298 3713; x_wconf 89' lang='lat' dir='ltr'><strong>alias</strong></span> <span class='ocrx_word' id='word_1_276' title='bbox 321 3669 375 3712; x_wconf 92' lang='lat' dir='ltr'><strong>res</strong></span> <span class='ocrx_word' id='word_1_277' title='bbox 397 3649 605 3713; x_wconf 85' lang='lat' dir='ltr'><strong>inciderunt.</strong></span> <span class='ocrx_word' id='word_1_278' title='bbox 652 3649 718 3712; x_wconf 90' lang='lat' dir='ltr'><strong>Dic</strong></span> <span class='ocrx_word' id='word_1_279' title='bbox 742 3649 912 3713; x_wconf 88' lang='lat' dir='ltr'><strong>dominico</strong></span> <span class='ocrx_word' id='word_1_280' title='bbox 943 3650 1093 3712; x_wconf 89' lang='lat' dir='ltr'><strong>secundo</strong></span> <span class='ocrx_word' id='word_1_281' title='bbox 1118 3649 1271 3712; x_wconf 87' lang='lat' dir='ltr'><strong>eiusdem</strong></span> <span class='ocrx_word' id='word_1_282' title='bbox 1291 3672 1364 3714; x_wconf 72' lang='lat' dir='ltr'><strong>raa.</strong></span> 
     </span>
     <span class='ocr_line' id='line_1_38' title="bbox 154 3736 1272 3815; baseline -0.001 -16"><span class='ocrx_word' id='word_1_283' title='bbox 154 3737 279 3801; x_wconf 82' lang='lat' dir='ltr'><strong>mensis</strong></span> <span class='ocrx_word' id='word_1_284' title='bbox 295 3737 389 3814; x_wconf 89' lang='lat' dir='ltr'><strong>Iulii,</strong></span> <span class='ocrx_word' id='word_1_285' title='bbox 406 3738 527 3802; x_wconf 87' lang='lat' dir='ltr'><strong>castris</strong></span> <span class='ocrx_word' id='word_1_286' title='bbox 543 3738 670 3802; x_wconf 87' lang='lat' dir='ltr'><strong>ibidem</strong></span> <span class='ocrx_word' id='word_1_287' title='bbox 689 3737 924 3815; x_wconf 85' lang='lat' dir='ltr'><strong>existentibus,</strong></span> <span class='ocrx_word' id='word_1_288' title='bbox 942 3737 1069 3801; x_wconf 89' lang='lat' dir='ltr'><strong>milites</strong></span> <span class='ocrx_word' id='word_1_289' title='bbox 1082 3736 1272 3801; x_wconf 88' lang='lat' dir='ltr'><strong>Mediolani</strong></span> 
     </span>
     <span class='ocr_line' id='line_1_39' title="bbox 154 3826 1272 3909; baseline -0.002 -20"><span class='ocrx_word' id='word_1_290' title='bbox 154 3827 190 3889; x_wconf 88' lang='lat' dir='ltr'><strong>ct</strong></span> <span class='ocrx_word' id='word_1_291' title='bbox 211 3826 388 3890; x_wconf 81' lang='lat' dir='ltr'><strong>Placentia</strong></span> <span class='ocrx_word' id='word_1_292' title='bbox 413 3847 490 3890; x_wconf 89' lang='lat' dir='ltr'><strong>cum</strong></span> <span class='ocrx_word' id='word_1_293' title='bbox 515 3847 632 3891; x_wconf 90' lang='lat' dir='ltr'><strong>eorum</strong></span> <span class='ocrx_word' id='word_1_294' title='bbox 656 3826 845 3908; x_wconf 81' lang='lat' dir='ltr'><strong>sagittariis</strong></span> <span class='ocrx_word' id='word_1_295' title='bbox 869 3828 903 3890; x_wconf 90' lang='lat' dir='ltr'><strong>et</strong></span> <span class='ocrx_word' id='word_1_296' title='bbox 928 3826 989 3888; x_wconf 89' lang='lat' dir='ltr'><strong>alii</strong></span> <span class='ocrx_word' id='word_1_297' title='bbox 1011 3847 1129 3891; x_wconf 89' lang='lat' dir='ltr'><strong>omnes</strong></span> <span class='ocrx_word' id='word_1_298' title='bbox 1153 3826 1272 3909; x_wconf 90' lang='lat' dir='ltr'><strong>quiin</strong></span> 
     </span>
    </p>
   </div>
   <div class='ocr_carea' id='block_1_6' title="bbox 155 3914 1272 4036">
    <p class='ocr_par' dir='ltr' id='par_1_15' title="bbox 155 3914 1272 4036">
     <span class='ocr_line' id='line_1_40' title="bbox 155 3914 1272 4036; baseline 0.001 -59"><span class='ocrx_word' id='word_1_299' title='bbox 155 3933 270 3977; x_wconf 89' lang='lat' dir='ltr'><strong>eorum</strong></span> <span class='ocrx_word' id='word_1_300' title='bbox 295 3918 462 3979; x_wconf 90' lang='lat' dir='ltr'><strong>venerant</strong></span> <span class='ocrx_word' id='word_1_301' title='bbox 485 3915 652 3978; x_wconf 85' lang='lat' dir='ltr'><strong>auxilium</strong></span> <span class='ocrx_word' id='word_1_302' title='bbox 676 3915 799 3977; x_wconf 87' lang='lat' dir='ltr'><strong>armati</strong></span> <span class='ocrx_word' id='word_1_303' title='bbox 829 3918 864 3978; x_wconf 90' lang='lat' dir='ltr'><strong>et</strong></span> <span class='ocrx_word' id='word_1_304' title='bbox 888 3915 1047 3978; x_wconf 89' lang='lat' dir='ltr'><strong>asclerati</strong></span> <span class='ocrx_word' id='word_1_305' title='bbox 1071 3916 1115 3978; x_wconf 89' lang='lat' dir='ltr'><strong>ad</strong></span> <span class='ocrx_word' id='word_1_306' title='bbox 1139 3914 1272 4036; x_wconf 44' lang='grc'>011119-</span> 
     </span>
    </p>
   </div>
   <div class='ocr_carea' id='block_1_7' title="bbox 107 4085 1272 4190">
    <p class='ocr_par' dir='ltr' id='par_1_16' title="bbox 107 4085 1272 4190">
     <span class='ocr_line' id='line_1_41' title="bbox 154 4085 1272 4137; baseline -0.002 -11"><span class='ocrx_word' id='word_1_307' title='bbox 154 4085 177 4137; x_wconf 72' lang='lat' dir='ltr'><strong>a)</strong></span> <span class='ocrx_word' id='word_1_308' title='bbox 197 4088 320 4135; x_wconf 50' lang='lat' dir='ltr'><strong>emendave-</strong></span> <span class='ocrx_word' id='word_1_309' title='bbox 338 4088 503 4137; x_wconf 82' lang='lat' dir='ltr'><strong>rumariengum</strong></span> <span class='ocrx_word' id='word_1_310' title='bbox 518 4099 548 4135; x_wconf 82' lang='lat' dir='ltr'><strong>e‚‚·</strong></span> <span class='ocrx_word' id='word_1_311' title='bbox 565 4087 731 4136; x_wconf 84' lang='lat' dir='ltr'><strong>Ruminengum</strong></span> <span class='ocrx_word' id='word_1_312' title='bbox 746 4087 810 4128; x_wconf 82' lang='lat' dir='ltr'><strong>Gale.</strong></span> <span class='ocrx_word' id='word_1_313' title='bbox 824 4087 934 4135; x_wconf 79' lang='lat' dir='ltr'><strong>Flamma,</strong></span> <span class='ocrx_word' id='word_1_314' title='bbox 955 4086 1039 4136; x_wconf 51' lang='lat' dir='ltr'><strong>Mente.</strong></span> <span class='ocrx_word' id='word_1_315' title='bbox 1058 4088 1132 4129; x_wconf 75' lang='grc'>1210.</span> <span class='ocrx_word' id='word_1_316' title='bbox 1200 4088 1222 4132; x_wconf 87' lang='lat' dir='ltr'><strong>b)</strong></span> <span class='ocrx_word' id='word_1_317' title='bbox 1240 4087 1272 4124; x_wconf 89' lang='lat' dir='ltr'><strong>in-</strong></span> 
     </span>
     <span class='ocr_line' id='line_1_42' title="bbox 107 4138 1052 4190; baseline 0.003 -11"><span class='ocrx_word' id='word_1_318' title='bbox 107 4146 136 4185; x_wconf 78' lang='grc'>49</span> <span class='ocrx_word' id='word_1_319' title='bbox 154 4144 270 4180; x_wconf 72' lang='lat' dir='ltr'><strong>catenatos</strong></span> <span class='ocrx_word' id='word_1_320' title='bbox 284 4141 378 4188; x_wconf 73' lang='lat' dir='ltr'><strong>tertam</strong></span> <span class='ocrx_word' id='word_1_321' title='bbox 391 4142 554 4183; x_wconf 66' lang='lat' dir='ltr'><strong>ammentum.</strong></span> <span class='ocrx_word' id='word_1_322' title='bbox 608 4139 628 4190; x_wconf 89' lang='grc'>9)</span> <span class='ocrx_word' id='word_1_323' title='bbox 642 4139 714 4180; x_wconf 85' lang='lat' dir='ltr'><strong>eidem</strong></span> <span class='ocrx_word' id='word_1_324' title='bbox 728 4150 744 4180; x_wconf 85' lang='lat' dir='ltr'><strong>e.</strong></span> <span class='ocrx_word' id='word_1_325' title='bbox 799 4138 823 4186; x_wconf 89' lang='lat' dir='ltr'><strong>d)</strong></span> <span class='ocrx_word' id='word_1_326' title='bbox 836 4140 959 4187; x_wconf 78' lang='lat' dir='ltr'><strong>emetdeet,·</strong></span> <span class='ocrx_word' id='word_1_327' title='bbox 972 4140 1020 4180; x_wconf 85' lang='lat' dir='ltr'><strong>cale</strong></span> <span class='ocrx_word' id='word_1_328' title='bbox 1034 4152 1052 4182; x_wconf 83' lang='lat' dir='ltr'><strong>c.</strong></span> 
     </span>
    </p>
   </div>
   <div class='ocr_carea' id='block_1_8' title="bbox 153 4281 1271 4492">
    <p class='ocr_par' dir='ltr' id='par_1_17' title="bbox 153 4281 1271 4492">
     <span class='ocr_line' id='line_1_43' title="bbox 155 4281 1271 4349; baseline -0.003 -13"><span class='ocrx_word' id='word_1_329' title='bbox 155 4283 183 4349; x_wconf 89' lang='lat'><strong>1)</strong></span> <span class='ocrx_word' id='word_1_330' title='bbox 212 4281 352 4349; x_wconf 80' lang='lat' dir='ltr'><strong>Cumanos,</strong></span> <span class='ocrx_word' id='word_1_331' title='bbox 372 4281 557 4347; x_wconf 81' lang='lat' dir='ltr'><strong>Noverienses,</strong></span> <span class='ocrx_word' id='word_1_332' title='bbox 576 4282 753 4346; x_wconf 79' lang='lat' dir='ltr'><strong>Vercellenses,</strong></span> <span class='ocrx_word' id='word_1_333' title='bbox 773 4281 974 4333; x_wconf 76' lang='lat' dir='ltr'><strong>Alexandrinos</strong></span> <span class='ocrx_word' id='word_1_334' title='bbox 992 4284 1022 4333; x_wconf 82' lang='lat' dir='ltr'><strong>ie</strong></span> <span class='ocrx_word' id='word_1_335' title='bbox 1040 4281 1090 4332; x_wconf 84' lang='lat' dir='ltr'><strong>hee</strong></span> <span class='ocrx_word' id='word_1_336' title='bbox 1107 4282 1271 4347; x_wconf 73' lang='lat' dir='ltr'><strong>expeditione</strong></span> 
     </span>
     <span class='ocr_line' id='line_1_44' title="bbox 154 4350 1271 4421; baseline -0.003 -17"><span class='ocrx_word' id='word_1_337' title='bbox 154 4352 275 4417; x_wconf 78' lang='lat' dir='ltr'><strong>adfuisse</strong></span> <span class='ocrx_word' id='word_1_338' title='bbox 298 4354 422 4418; x_wconf 78' lang='lat' dir='ltr'><strong>referunt</strong></span> <span class='ocrx_word' id='word_1_339' title='bbox 446 4355 519 4408; x_wconf 79' lang='lat' dir='ltr'><strong>Aen.</strong></span> <span class='ocrx_word' id='word_1_340' title='bbox 540 4355 657 4407; x_wconf 76' lang='lat' dir='ltr'><strong>Gramen.</strong></span> <span class='ocrx_word' id='word_1_341' title='bbox 763 4352 792 4420; x_wconf 80' lang='lat'><strong>2)</strong></span> <span class='ocrx_word' id='word_1_342' title='bbox 817 4352 998 4421; x_wconf 79' lang='lat' dir='ltr'><strong>Interpretare</strong></span> <span class='ocrx_word' id='word_1_343' title='bbox 1021 4354 1078 4403; x_wconf 70' lang='lat' dir='ltr'><strong>aasz·</strong></span> <span class='ocrx_word' id='word_1_344' title='bbox 1100 4350 1271 4404; x_wconf 86' lang='lat' dir='ltr'><strong>Pontenurio</strong></span> 
     </span>
     <span class='ocr_line' id='line_1_45' title="bbox 153 4425 643 4492; baseline 0.006 -16"><span class='ocrx_word' id='word_1_345' title='bbox 153 4425 284 4492; x_wconf 80' lang='lat' dir='ltr'><strong>seriptum</strong></span> <span class='ocrx_word' id='word_1_346' title='bbox 301 4430 374 4477; x_wconf 72' lang='lat' dir='ltr'><strong>esset</strong></span> <span class='ocrx_word' id='word_1_347' title='bbox 445 4427 475 4487; x_wconf 90' lang='lat'><strong>3)</strong></span> <span class='ocrx_word' id='word_1_348' title='bbox 495 4425 643 4479; x_wconf 71' lang='lat' dir='ltr'><strong>(tuttetmo.</strong></span> 
     </span>
    </p>
   </div>
   <div class='ocr_carea' id='block_1_9' title="bbox 0 0 1499 4936">
    <p class='ocr_par' dir='ltr' id='par_1_18' title="bbox 0 0 1499 4936">
     <span class='ocr_line' id='line_1_46' title="bbox 0 0 1499 4936; baseline 0 0"><span class='ocrx_word' id='word_1_349' title='bbox 0 0 1499 4936; x_wconf 95' lang='lat' dir='ltr'><strong> </strong></span> 
     </span>
    </p>
   </div>
  </div>
 </body>
</html>
