2962 4936
224 425 259 479 98
383 419 573 477 IOHANNIS
592 419 838 475 OODAGNELLI
856 419 1036 476 Annnnns
1054 421 1090 478 A
1105 424 1184 478 1229.

124 576 202 665 rma
222 607 259 668 in
290 605 410 669 castris
441 605 520 682 suis,
559 603 780 688 Romagnioli
818 605 909 668 malo
940 605 1042 668 modo
1077 607 1113 669 et
1142 604 1294 687 turpiter
1322 625 1342 667 a

118 681 203 730 m·
222 694 331 778 prelio
356 694 570 758 discedentes
594 715 656 758 sua
678 694 831 757 tentoria
853 694 1059 758 enormitera
1084 697 1120 757 et
1142 693 1341 757 indecenter

114 804 203 854 ‘roan
223 775 467 867 *colligeruntl
496 785 531 846 et
553 783 764 846 indistanter
786 782 977 846 Bononiam
1006 784 1216 866 perexerunt
1225 780 1246 842 1.
1289 781 1340 844 Id·

223 873 314 936 circo
338 872 509 935 carosium
533 871 767 936 Bononienses
790 872 827 933 in
851 872 972 935 castris
996 870 1165 935 collocare
1193 891 1265 934 non
1287 891 1341 954 po·

221 963 375 1038 tuerunt,
412 961 471 1024 sed
505 960 542 1022 in
566 960 732 1023 Plumatii
764 963 913 1024 castrum
944 960 1014 1023 fuit
1045 961 1190 1024 ductum
1221 961 1257 1024 et
1283 978 1371 1042 pers

221 1052 332 1113 totam
363 1053 499 1114 noctem
531 1049 717 1132 diligenter
754 1049 966 1112 custoditum
976 1049 998 1109 ².
1051 1048 1229 1112 Lonbardi
1262 1068 1339 1112 vero

222 1138 382 1202 similiter
416 1141 451 1202 et
485 1139 720 1202 Bononienses
754 1139 836 1213 viso,
872 1138 965 1220 quod
997 1136 1224 1219 Romagnoli⁰
1265 1157 1339 1200 cum

222 1228 342 1291 castris
365 1234 586 1304 recesserant,
618 1230 654 1292 et
676 1228 714 1290 in
737 1226 939 1310 albergariis
962 1226 1038 1290 fore
1062 1225 1256 1304 derelictos,
1287 1226 1340 1288 do·

220 1315 332 1380 lentes
371 1319 407 1381 et
444 1319 621 1399 gementes
661 1337 720 1398 pre
755 1317 863 1379 nimia
900 1315 1055 1392 tristitia,
1095 1316 1339 1397 cognoscentes

220 1426 350 1469 moram
366 1405 416 1468 ibi
431 1406 572 1468 minime
590 1405 704 1469 facere
720 1425 829 1488 posse,
854 1424 916 1467 sua
932 1403 1091 1468 similiter
1107 1395 1335 1486 colligeruntl
1354 1427 1375 1466 n

220 1495 381 1558 tentoria.
418 1493 567 1573 Quidam
589 1514 671 1557 vero
695 1493 789 1557 ultra
811 1494 951 1557 modum
973 1492 1132 1576 perteriti
1148 1492 1223 1556 sine
1241 1512 1340 1557 causa

220 1583 331 1646 multa
361 1583 510 1666 turpiter
540 1577 801 1666 relinquerunt‘l
828 1582 979 1646 tentoria
989 1581 1010 1644 ³.
1057 1580 1194 1645 Relicto
1226 1584 1339 1643 autem

221 1673 355 1736 carocio
385 1671 605 1755 Romagnioli
640 1673 676 1735 et
712 1671 785 1735 fere
815 1674 911 1735 totus
940 1670 1090 1754 populus
1120 1670 1277 1734 Bononie
1307 1671 1340 1732 et

220 1781 300 1843 pars
316 1760 465 1823 maxima
480 1760 741 1824 Lonbardorum
757 1751 933 1824 Bononieb
953 1760 1179 1823 recesserunt.
1205 1758 1340 1821 Placen·

221 1849 288 1911 tini
316 1869 398 1913 vero
427 1848 555 1912 milites
585 1850 628 1913 ad
657 1848 908 1932 postulationes
938 1848 1156 1930 quorundam
1191 1847 1340 1910 virorum
1357 1867 1376 1908 15

221 1936 391 2000 nobilium
423 1939 553 2001 dictum
583 1938 755 2001 carocium
790 1937 952 2020 diligenti
988 1957 1071 2000 cura
1101 1936 1341 1999 custodierunt

114 2047 202 2096 sepis.
222 2046 300 2088 curn
338 2029 437 2109 parte
475 2025 626 2089 militum
666 2026 820 2089 Bononie
859 2028 895 2090 et
934 2026 989 2089 die
1029 2025 1188 2107 sequenti
1227 2025 1341 2107 vigore

221 2114 369 2178 maximo
404 2117 482 2197 post
515 2115 629 2198 ipsum
664 2114 759 2179 lento
792 2115 901 2197 gradu
937 2115 1119 2197 sequentes
1150 2113 1342 2176 Bononiam

223 2203 385 2267 decenter
408 2204 658 2267 conduxerunt.
707 2203 860 2286 Cumque
885 2204 949 2267 hec
974 2205 1052 2265 acta
1074 2202 1236 2278 fuissent,
1269 2199 1342 2264 Ore·

95 2311 203 2364 saissa.
222 2311 411 2367 monenses,
437 2292 636 2356 Parmenses
660 2296 695 2356 et
720 2292 824 2355 etiam
848 2292 1062 2355 Mutinenses
1092 2291 1202 2354 nimio
1228 2290 1378 2353 dolores

222 2384 257 2443 et
281 2381 425 2444 tristitia
448 2384 637 2464 captorum,
661 2380 920 2444 vulneratorum
944 2382 980 2444 et
1003 2382 1220 2443 mortuorum
1243 2377 1342 2442 valde

219 2469 388 2551 perteriti,
417 2469 656 2533 indubitanter
687 2470 865 2533 credentes
888 2468 1090 2532 fortitudini
1114 2471 1149 2532 et
1174 2467 1342 2551 magnitu-

219 2557 295 2619 dini
319 2557 487 2621 exercitus
512 2558 781 2622 Bononiensium
803 2576 1022 2640 nequaquam
1045 2576 1145 2640 posse
1172 2557 1340 2630 resistere,

219 2645 379 2708 inimicos
414 2644 602 2728 plurimum
635 2647 807 2723 timentes,
842 2647 929 2710 iter⁰
970 2667 1088 2710 eorum
1123 2648 1219 2709 retro
1253 2663 1342 2727 agre·

223 2732 367 2809 dientes,
402 2727 534 2796 velocif
572 2736 681 2817 gradu
720 2735 764 2798 ad
798 2735 938 2818 propria
971 2734 1084 2798 redire
1114 2734 1340 2806 festinabant,
1358 2755 1379 2795 n

224 2820 313 2882 sicut
335 2820 487 2883 veridica
509 2821 677 2887 relatione
700 2824 915 2906 quorundam
938 2823 1186 2899 intelleximus,
1219 2822 1279 2905 qui
1307 2821 1343 2883 in

223 2907 298 2989 ipso
320 2908 556 2972 interfuerunt
580 2912 742 2974 exercitu.
779 2909 866 2974 Cum
881 2914 999 2975 autem
1015 2913 1060 2974 ad
1075 2912 1218 2995 propria
1234 2910 1342 2974 redire

222 2995 438 3072 festinarent,
463 2998 698 3081 intelligentes
723 3001 764 3064 de
782 3000 951 3064 exercitus
967 3000 1124 3064 Bononie
1140 3000 1341 3074 recessione,

224 3083 308 3146 elati
338 3086 372 3148 et
403 3086 529 3167 gaudio
561 3109 685 3170 magno
709 3088 863 3163 exaltati,
894 3089 962 3152 iter
989 3108 1107 3152 eorum
1131 3092 1228 3153 retro
1252 3106 1343 3170 agre·

120 3189 204 3239 rasse.
224 3171 366 3250 dientes,
399 3173 580 3257 *impetum
611 3197 718 3258 usque
748 3177 929 3240 incastris
953 3177 1228 3241 Bononiensium
1252 3175 1343 3240 festi·
1359 3199 1380 3238 n

223 3262 347 3323 nanter
369 3261 537 3339 fecerunt,
569 3265 741 3328 neminem
764 3265 994 3342 invenientes3
1030 3266 1184 3328 tentoria
1208 3284 1342 3348 quoque

225 3350 260 3410 et
283 3348 438 3430 plaustra
461 3351 510 3414 ibi
533 3351 656 3414 relicta
679 3357 714 3415 et
738 3373 778 3416 ea
801 3373 866 3434 que
889 3353 926 3415 in
949 3353 1033 3436 ipsis
1057 3354 1206 3416 aderant
1235 3355 1344 3417 tento-

223 3436 283 3498 riis
307 3438 513 3515 habuerunt,
545 3442 580 3502 et
603 3441 729 3521 gaudio
751 3461 877 3523 magno
898 3442 1007 3523 gavisi
1032 3442 1076 3505 ad
1100 3443 1244 3525 propria
1268 3462 1344 3506 cum

224 3625 246 3670 a)
261 3625 374 3662 enerviter
387 3626 481 3671 fortasse
495 3628 658 3670 oricandensium.
698 3628 721 3673 b)
735 3629 766 3666 sic
779 3640 796 3671 c.
835 3628 855 3679 c)
869 3631 899 3668 sic
913 3631 933 3672 h.
943 3632 958 3673 l.
967 3642 985 3673 c.
1026 3631 1049 3681 d)
1063 3633 1094 3671 sic
1108 3643 1139 3680 c.,·
1153 3633 1270 3682 cneum
1279 3633 1345 3684 221,

224 3687 246 3718 n.
255 3687 277 3717 a.
287 3677 320 3724 25,
335 3688 377 3717 eac
391 3682 426 3718 etc.
481 3680 501 3726 e)
515 3680 558 3717 iter
572 3691 649 3719 eorum
662 3683 770 3729 supplent·
785 3693 826 3724 om.
840 3693 858 3724 e.
912 3683 1017 3734 Ovoloci
1032 3696 1049 3727 e.
1363 3696 1383 3735 35

227 3814 254 3879 1)
269 3815 356 3894 lipia.
370 3817 576 3897 Bononiensium
590 3822 607 3873 l.
621 3822 638 3874 l.
651 3826 722 3886 (post
730 3839 759 3888 p.
773 3825 816 3889 98,
835 3840 861 3877 n.
875 3827 905 3883 2)
911 3841 921 3873 .·
938 3822 1055 3877 Interim
1066 3823 1101 3893 (Β)
1119 3825 1237 3893 quidam
1256 3845 1291 3881 ex
1310 3826 1346 3880 eis

229 3899 277 3949 qm
294 3889 424 3963 venerant
446 3904 474 3938 m
499 3892 622 3941 nostrum
648 3892 796 3944 subsidium
819 3896 847 3944 et
871 3894 999 3946 iuvamen
1016 3895 1153 3963 paulatim
1180 3898 1347 3951 tentoria

227 3953 448 4033 colligentes
467 3957 501 4008 ad
519 3958 637 4011 reditum
655 3960 830 4030 festinabant,
848 3964 957 4016 nemine
975 3969 1069 4019 tamen
1087 3966 1163 4034 ipsos
1177 3968 1214 4020 ad
1225 3969 1347 4022 reditum

228 4022 387 4107 festinatum
405 4027 592 4093 compellente.
647 4033 674 4098 2)
693 4033 758 4084 Vide
776 4040 863 4084 tamen
882 4038 953 4102 qood
964 4038 1036 4091 Ana.
1050 4038 1146 4093 Parm.
1164 4042 1232 4094 mai.
1253 4042 1285 4094 de
1303 4041 1347 4093 hoo

227 4096 482 4178 coroezotreferunt.
519 4100 633 4165 Godana
651 4117 714 4153 sane
738 4120 791 4156 non
816 4106 950 4169 ignoravit
974 4109 1005 4158 dc
1031 4123 1059 4160 co
1084 4109 1119 4159 ab
1142 4110 1267 4164 hostibus
1292 4113 1347 4162 alio
1363 4123 1386 4162 40

227 4179 352 4246 narrare.
429 4168 456 4232 3)
483 4168 517 4218 Ut
535 4169 603 4221 banc
625 4172 720 4236 fugam
742 4181 908 4241 nocturnam,
928 4179 958 4227 in
976 4194 1030 4244 quc
1048 4180 1137 4231 multa
1155 4183 1346 4249 impedimento

228 4248 259 4282 m
276 4248 367 4300 compo
386 4237 564 4305 deseruerunt,
590 4240 765 4296 Bononienses
789 4252 911 4313 tegerent,
936 4249 1076 4314 epistolam
1100 4267 1180 4317 saepe
1206 4253 1347 4305 laudam

228 4304 473 4430 {cptzpsegpppimdfi
482 4317 592 4374 praeter
604 4326 654 4375 cos,
672 4328 736 4378 quos
748 4317 803 4365 iam
819 4317 906 4382 ntuli,
918 4318 992 4373 Ano.
1008 4325 1055 4374 vet.
1069 4320 1163 4373 Mutia
1177 4323 1196 4377 l.
1210 4324 1228 4379 l.
1241 4326 1291 4380 col.
1300 4326 1345 4390 593
