2962 4936
625 437 853 496 PRAEFATIO.
1225 438 1298 494 XIX

182 622 285 705 siquis
311 620 557 704 iuterpunuerit,
582 619 705 706 Pertuii
727 619 888 685 distinctio
916 620 1043 685 omnino
1065 620 1152 687 iusta
1174 623 1298 687 ratione

183 717 269 777 earet
283 716 313 776 et
326 730 547 791 nonnusquam
565 730 691 774 sensum
704 708 846 791 qraoiter
864 709 964 775 laesit.
1000 709 1104 775 Situm
1120 716 1149 774 et
1165 710 1298 776 nomina

182 800 422 865 innumerorum
438 800 574 864 tororum
591 798 629 862 in
643 797 694 862 iiis
709 797 893 863 Annalibus
908 797 1062 864 diatonum
1077 798 1179 863 editor
1193 806 1299 864 noster

183 910 248 954 non
264 887 388 953 auraoit
408 886 536 969 ideoque
559 886 641 952 maie
663 885 823 967 eupressit,
847 893 882 951 nt
904 908 969 952 non
984 886 1164 969 perspicere
1180 887 1296 969 possis,

183 979 266 1060 quod
283 976 342 1042 toei
360 996 472 1041 nornen
490 975 540 1057 sit,
557 982 587 1040 et
601 996 670 1040 orem
685 975 715 1039 is
730 975 786 1057 qui
803 974 940 1041 indieem
962 975 1132 1041 uoluminis
1149 976 1297 1041 XVIII.

185 1066 382 1148 Scriptorum
397 1063 663 1147 nepteqentissime
675 1063 809 1143 conferit
819 1064 895 1129 daea
906 1086 971 1129 non
983 1064 1088 1147 maqis
1099 1071 1234 1146 inraret,
1250 1065 1299 1129 in·

181 1176 259 1236 qens
274 1153 475 1235 perturbatio
498 1159 590 1235 atque
612 1151 756 1232 confusio
779 1153 916 1217 tororum
938 1152 985 1218 ibi
1001 1153 1091 1232 faeta
1106 1160 1159 1235 est,
1182 1153 1220 1218 in
1235 1175 1299 1236 qua

183 1242 372 1325 euptieanda
387 1264 464 1307 sune
479 1242 546 1307 iam
556 1241 648 1306 multi
659 1243 785 1306 lectores
800 1247 836 1305 ut
848 1262 901 1323 eqo
912 1241 1067 1306 multoties
1078 1249 1196 1324 tenpus
1207 1250 1299 1324 atque

184 1353 312 1413 operam
320 1331 540 1413 perdiderunt.
575 1330 695 1394 Fateor
709 1351 758 1395 me
775 1351 867 1411 saepe
882 1330 1018 1395 doluisse
1033 1332 1071 1395 de
1085 1331 1146 1395 aaa
1164 1331 1299 1396 editione

182 1421 268 1485 inter
296 1421 508 1484 Monumenia
541 1418 735 1484 Gmrnaniae
765 1417 917 1484 historica
946 1418 1141 1501 neqleqenter
1166 1426 1297 1501 parata,

183 1511 267 1574 unde
284 1509 453 1590 scriptores
467 1507 600 1573 Italicos
617 1506 735 1573 saeculi
752 1507 863 1571 XIII.
884 1509 1018 1572 edendos
1035 1529 1202 1590 appressus
1216 1509 1300 1573 inane

183 1600 399 1663 renouandam
422 1618 486 1661 esse
508 1597 562 1676 sas
585 1595 672 1677 duni,
691 1595 894 1679 potissimum
915 1602 951 1660 ut
973 1603 1132 1676 sequentes
1147 1595 1300 1662 editiones

184 1708 232 1750 me
248 1692 446 1767 paraturum
468 1686 538 1766 irae,
566 1686 610 1750 ad
638 1706 733 1767 quam
761 1706 852 1766 saepe
876 1685 1002 1750 tectores
1024 1685 1193 1751 reoooandi
1215 1693 1298 1766 serni,

184 1776 327 1840 absoluta
349 1774 544 1840 adiueurem.

289 1863 425 1928 Librum
440 1861 631 1928 Parisinum
649 1868 684 1926 ut
702 1863 746 1926 ad
763 1861 901 1927 litteram
919 1883 1065 1944 sequerer
1083 1863 1191 1928 studui
1200 1864 1221 1944 1,
1245 1866 1301 1928 sed

184 1973 264 2034 quae
292 1952 330 2018 in
359 1953 415 2017 ieoo
443 1953 590 2016 mendoso
613 1951 786 2032 enempiari
815 1959 963 2034 corrupta
985 1973 1051 2017 esse
1073 1973 1300 2034 perspeneram

185 2041 294 2106 omnia
316 2043 483 2107 emendare
506 2046 636 2105 oonatus
658 2042 758 2122 sum2,
782 2060 846 2121 qna
867 2040 906 2104 in
923 2060 958 2105 re
976 2061 1010 2105 eo
1027 2040 1228 2122 potissimum
1246 2043 1300 2106 ad·

182 2130 269 2195 iutus
292 2152 370 2212 sum,
394 2132 478 2211 quod
491 2150 597 2194 omnes
612 2128 710 2193 libros
730 2128 914 2210 Codaqndii
930 2129 1071 2211 ieqissem
1086 2136 1115 2194 et
1129 2150 1167 2194 en
1181 2151 1300 2212 maqna

177 2225 273 2301 parte
288 2219 355 2301 ipse
370 2217 537 2284 edidissem
551 2217 656 2298 itaque
671 2216 846 2281 orationem
861 2217 928 2281 eius
940 2216 1069 2298 penitus
1080 2218 1298 2299 percepissem.

291 2308 448 2372 Loeorum
470 2305 602 2370 nomina
624 2305 789 2386 hodierna,
818 2311 846 2369 et
867 2305 922 2370 ubi
945 2326 982 2370 ea
1005 2306 1068 2370 sita
1091 2306 1165 2386 sint,
1193 2306 1231 2371 in
1253 2307 1300 2372 in·

184 2396 251 2461 diee
274 2394 452 2460 adnotaui3.

292 2517 485 2584 Berotini
508 2541 538 2582 a.
556 2519 586 2582 d.
606 2518 685 2583 XV.
702 2518 782 2583 Kal.
799 2518 956 2582 Februur.
976 2541 1006 2582 a.
1023 2517 1254 2584 Mandaei.

839 2659 873 2726 0.
898 2660 1298 2727 HoLDER-EGGER.

188 2872 214 2940 1)
233 2873 268 2923 In
286 2887 337 2939 quo
355 2871 423 2923 libro
441 2870 519 2922 unia
543 2886 620 2938 saepe
644 2878 692 2923 ant
716 2886 768 2923 non
788 2878 835 2923 ant
853 2873 922 2923 maie
939 2873 1025 2937 siquis
1042 2873 1211 2938 interpuncta
1228 2878 1300 2938 sunt,

186 2958 237 3010 quo
255 2948 278 2994 et
294 2944 405 2994 editores
421 2957 608 3008 nonnusquam
627 2944 656 2993 in
672 2958 789 2994 errorem
801 2943 956 2994 ductisunt.
988 2943 1062 3006 Quod
1073 2945 1109 2993 iis
1122 2943 1185 2994 loeis
1197 2948 1301 2994 tantum

186 3015 310 3078 indr'aaei,
337 3013 432 3079 quitus
450 3013 498 3064 hoa
516 3014 631 3064 alieuius
649 3016 774 3065 momenti
790 3029 843 3066 esse
860 3015 957 3068 censui.
992 3015 1142 3080 Aliquoties
1166 3016 1196 3064 in
1213 3016 1302 3066 initiis

185 3087 375 3136 sententiarum
390 3085 505 3136 litteram
519 3085 693 3136 maiusantam
704 3087 795 3151 posui,
815 3084 862 3135 ubi
872 3085 953 3136 eaden
966 3085 1111 3136 Parisinus
1122 3086 1301 3136 minusculam

187 3157 275 3221 habet,
298 3155 367 3221 qnod
388 3171 520 3220 nusquam
539 3155 672 3208 adnotari.
751 3155 778 3221 2)
795 3155 894 3207 Editor
911 3156 1057 3207 Parisinus
1078 3157 1177 3222 inuita,
1197 3158 1304 3207 etiamsi

187 3227 318 3279 nonnulla
344 3227 403 3278 bene
428 3227 614 3290 inundaverit,
637 3226 809 3278 Placentinus
831 3229 921 3278 omnia
944 3228 1012 3291 fere,
1038 3227 1195 3290 foedissima
1213 3229 1300 3291 etiam,

187 3299 283 3350 menda
301 3299 331 3347 in
349 3303 422 3348 tantu
440 3298 618 3360 retinuerunt,
643 3299 714 3363 qnod
732 3298 851 3362 librarii,
876 3313 929 3349 nou
947 3298 1056 3349 editoris
1074 3303 1119 3362 est,
1139 3301 1302 3363 praesertim

187 3385 246 3420 aum
264 3368 332 3420 iilud
350 3369 488 3433 exemplar
506 3373 542 3420 tot
559 3374 583 3419 et
601 3370 684 3420 tan-tis
701 3369 803 3420 nuruis
819 3373 924 3422 scateat,
985 3370 1013 3432 3)
1034 3369 1069 3419 In
1087 3369 1303 3420 adnotationibus

187 3441 329 3506 aliquoties
346 3439 464 3491 Annales
488 3444 583 3490 ueteres
600 3439 763 3492 Mutinensis
786 3445 810 3491 et
836 3439 984 3491 Chroniaon
1006 3440 1155 3491 Mutinense
1179 3440 1262 3491 editos
1284 3457 1302 3490 a

187 3511 342 3563 Muratorio
359 3511 448 3574 attuli,
466 3512 515 3576 qui
531 3510 613 3561 muita
628 3511 723 3562 meiius
736 3511 802 3562 editi
816 3517 879 3562 sunt
894 3512 965 3561 inter
982 3510 1159 3561 ‘Monumenti
1173 3511 1302 3562 distorta

184 3585 280 3648 patria
305 3582 369 3634 delle
390 3582 525 3648 prorrinaie
543 3581 685 3648 Modenesi,
706 3581 850 3633 Cronaahe'
862 3581 894 3632 X
898 3582 924 3632 V
938 3581 1066 3647 (Modena
1086 3582 1163 3637 1888.
1182 3579 1233 3648 4⁰),
1260 3584 1303 3633 in·

188 3656 284 3720 scripti
301 3652 446 3704 ‘Oronaahe
463 3653 494 3702 di
510 3652 675 3705 Atossandro
691 3653 813 3719 Possunt,
833 3654 863 3703 di
882 3654 1018 3704 Gioaanm
1033 3654 1064 3703 di
1079 3653 1225 3717 Bazzano'‚
1244 3656 1303 3719 qui·

189 3725 295 3776 tuscum
319 3723 414 3790 utique
438 3723 597 3787 conserenda
622 3729 659 3775 est
678 3724 792 3775 Oroniea
810 3724 952 3788 Bonisaaii
968 3724 1084 3776 Morano
1108 3724 1204 3776 ibidem
1222 3725 1301 3779 edita.
