<?xml version="1.0" encoding="UTF-8"?>
<!DOCTYPE html PUBLIC "-//W3C//DTD XHTML 1.0 Transitional//EN"
    "http://www.w3.org/TR/xhtml1/DTD/xhtml1-transitional.dtd">
<html xmlns="http://www.w3.org/1999/xhtml" xml:lang="en" lang="en">
 <head>
  <title>
</title>
<meta http-equiv="Content-Type" content="text/html;charset=utf-8" />
  <meta name='ocr-system' content='tesseract 3.04.00' />
  <meta name='ocr-capabilities' content='ocr_page ocr_carea ocr_par ocr_line ocrx_word'/>
</head>
<body>
  <div class='ocr_page' id='page_1' title='image "./iohanniscodagne00codagoog_0106.png"; bbox 0 0 2962 4936; ppageno 0'>
   <div class='ocr_carea' id='block_1_1' title="bbox 291 442 1101 505">
    <p class='ocr_par' dir='ltr' id='par_1_1' title="bbox 291 442 1101 505">
     <span class='ocr_line' id='line_1_1' title="bbox 291 442 1101 505; baseline 0.007 -7"><span class='ocrx_word' id='word_1_1' title='bbox 291 442 491 500; x_wconf 82' lang='lat' dir='ltr'>&#39;IOHANNIS</span> <span class='ocrx_word' id='word_1_2' title='bbox 510 443 756 500; x_wconf 79' lang='lat' dir='ltr'>CODAGNELLI</span> <span class='ocrx_word' id='word_1_3' title='bbox 775 445 956 500; x_wconf 79' lang='lat' dir='ltr'><strong>ANNALns</strong></span> <span class='ocrx_word' id='word_1_4' title='bbox 974 447 1101 505; x_wconf 57' lang='grc'>41226.</span> 
     </span>
    </p>
   </div>
   <div class='ocr_carea' id='block_1_2' title="bbox 413 628 964 891">
    <p class='ocr_par' dir='ltr' id='par_1_2' title="bbox 413 628 964 891">
     <span class='ocr_line' id='line_1_2' title="bbox 413 628 898 712; baseline 0.004 -21"><span class='ocrx_word' id='word_1_5' title='bbox 413 628 470 692; x_wconf 81' lang='lat' dir='ltr'><strong>Ad</strong></span> <span class='ocrx_word' id='word_1_6' title='bbox 493 649 592 692; x_wconf 91' lang='lat' dir='ltr'><strong>suum</strong></span> <span class='ocrx_word' id='word_1_7' title='bbox 617 632 759 712; x_wconf 86' lang='lat' dir='ltr'><strong>patrem,</strong></span> <span class='ocrx_word' id='word_1_8' title='bbox 783 631 898 707; x_wconf 84' lang='lat' dir='ltr'><strong>rediit,</strong></span> 
     </span>
     <span class='ocr_line' id='line_1_3' title="bbox 414 718 847 793; baseline 0.002 -12"><span class='ocrx_word' id='word_1_9' title='bbox 414 718 521 781; x_wconf 88' lang='lat' dir='ltr'><strong>Retro</strong></span> <span class='ocrx_word' id='word_1_10' title='bbox 545 738 727 782; x_wconf 85' lang='lat' dir='ltr'><strong>conversus</strong></span> <span class='ocrx_word' id='word_1_11' title='bbox 751 718 847 793; x_wconf 87' lang='lat' dir='ltr'><strong>abiit,</strong></span> 
     </span>
     <span class='ocr_line' id='line_1_4' title="bbox 454 806 964 891; baseline 0.002 -22"><span class='ocrx_word' id='word_1_12' title='bbox 454 806 565 872; x_wconf 87' lang='lat' dir='ltr'><strong>Urens</strong></span> <span class='ocrx_word' id='word_1_13' title='bbox 588 807 754 870; x_wconf 85' lang='lat' dir='ltr'><strong>Trentum</strong></span> <span class='ocrx_word' id='word_1_14' title='bbox 778 808 932 891; x_wconf 84' lang='lat' dir='ltr'><strong>undique</strong></span> <span class='ocrx_word' id='word_1_15' title='bbox 943 808 964 870; x_wconf 87' lang='lat'><strong>¹.</strong></span> 
     </span>
    </p>
   </div>
   <div class='ocr_carea' id='block_1_3' title="bbox 350 965 960 1386">
    <p class='ocr_par' dir='ltr' id='par_1_3' title="bbox 350 965 960 1316">
     <span class='ocr_line' id='line_1_5' title="bbox 350 965 960 1045; baseline 0.007 -18"><span class='ocrx_word' id='word_1_16' title='bbox 350 969 390 1028; x_wconf 84' lang='lat'><strong>47</strong></span> <span class='ocrx_word' id='word_1_17' title='bbox 418 965 527 1029; x_wconf 75' lang='lat' dir='ltr'><strong>*Tunc</strong></span> <span class='ocrx_word' id='word_1_18' title='bbox 550 970 700 1031; x_wconf 92' lang='lat' dir='ltr'><strong>rectores</strong></span> <span class='ocrx_word' id='word_1_19' title='bbox 724 988 759 1031; x_wconf 92' lang='lat' dir='ltr'><strong>se</strong></span> <span class='ocrx_word' id='word_1_20' title='bbox 782 972 960 1045; x_wconf 84' lang='lat' dir='ltr'><strong>vocarunt,</strong></span> 
     </span>
     <span class='ocr_line' id='line_1_6' title="bbox 415 1054 921 1120; baseline 0.002 -2"><span class='ocrx_word' id='word_1_21' title='bbox 415 1054 489 1118; x_wconf 72' lang='lat' dir='ltr'><strong>De²</strong></span> <span class='ocrx_word' id='word_1_22' title='bbox 517 1056 701 1119; x_wconf 88' lang='lat' dir='ltr'><strong>concordia</strong></span> <span class='ocrx_word' id='word_1_23' title='bbox 723 1059 921 1120; x_wconf 75' lang='lat' dir='ltr'><strong>tractarunt</strong></span> 
     </span>
     <span class='ocr_line' id='line_1_7' title="bbox 415 1142 890 1223; baseline 0.004 -16"><span class='ocrx_word' id='word_1_24' title='bbox 415 1142 500 1207; x_wconf 81' lang='lat' dir='ltr'><strong>Cum</strong></span> <span class='ocrx_word' id='word_1_25' title='bbox 526 1145 695 1208; x_wconf 82' lang='lat' dir='ltr'>cardinali</span> <span class='ocrx_word' id='word_1_26' title='bbox 719 1145 858 1209; x_wconf 92' lang='lat' dir='ltr'><strong>domino</strong></span> <span class='ocrx_word' id='word_1_27' title='bbox 869 1146 890 1223; x_wconf 75' lang='lat'><strong>²,</strong></span> 
     </span>
     <span class='ocr_line' id='line_1_8' title="bbox 414 1232 794 1316; baseline 0.008 -22"><span class='ocrx_word' id='word_1_28' title='bbox 414 1232 637 1316; x_wconf 88' lang='lat' dir='ltr'><strong>Imperatoris</strong></span> <span class='ocrx_word' id='word_1_29' title='bbox 660 1234 794 1310; x_wconf 89' lang='lat' dir='ltr'><strong>nuntio,</strong></span> 
     </span>
    </p>

    <p class='ocr_par' dir='ltr' id='par_1_4' title="bbox 452 1316 773 1386">
     <span class='ocr_line' id='line_1_9' title="bbox 452 1316 773 1386; baseline 0.003 -2"><span class='ocrx_word' id='word_1_30' title='bbox 452 1316 641 1386; x_wconf 84' lang='lat' dir='ltr'><strong>Mercarieb</strong></span> <span class='ocrx_word' id='word_1_31' title='bbox 670 1323 773 1386; x_wconf 89' lang='lat' dir='ltr'><strong>curia.</strong></span> 
     </span>
    </p>
   </div>
   <div class='ocr_carea' id='block_1_4' title="bbox 351 1481 896 1920">
    <p class='ocr_par' dir='ltr' id='par_1_5' title="bbox 351 1481 896 1830">
     <span class='ocr_line' id='line_1_10' title="bbox 351 1481 846 1565; baseline 0.002 -21"><span class='ocrx_word' id='word_1_32' title='bbox 351 1485 392 1544; x_wconf 87' lang='grc'><strong>48</strong></span> <span class='ocrx_word' id='word_1_33' title='bbox 416 1481 483 1545; x_wconf 89' lang='lat' dir='ltr'><strong>His</strong></span> <span class='ocrx_word' id='word_1_34' title='bbox 506 1481 628 1546; x_wconf 92' lang='lat' dir='ltr'><strong>diebus</strong></span> <span class='ocrx_word' id='word_1_35' title='bbox 651 1482 846 1565; x_wconf 87' lang='lat' dir='ltr'><strong>legatorum</strong></span> 
     </span>
     <span class='ocr_line' id='line_1_11' title="bbox 413 1570 840 1653; baseline 0.005 -21"><span class='ocrx_word' id='word_1_36' title='bbox 413 1570 511 1634; x_wconf 84' lang='lat' dir='ltr'><strong>Misit</strong></span> <span class='ocrx_word' id='word_1_37' title='bbox 534 1571 667 1653; x_wconf 90' lang='lat' dir='ltr'><strong>copiam</strong></span> <span class='ocrx_word' id='word_1_38' title='bbox 692 1591 840 1648; x_wconf 87' lang='lat' dir='ltr'><strong>suorum,</strong></span> 
     </span>
     <span class='ocr_line' id='line_1_12' title="bbox 414 1659 860 1724; baseline 0 -1"><span class='ocrx_word' id='word_1_39' title='bbox 414 1659 463 1723; x_wconf 87' lang='lat' dir='ltr'><strong>Ut</strong></span> <span class='ocrx_word' id='word_1_40' title='bbox 486 1659 530 1722; x_wconf 89' lang='lat' dir='ltr'><strong>ad</strong></span> <span class='ocrx_word' id='word_1_41' title='bbox 554 1680 632 1723; x_wconf 91' lang='lat' dir='ltr'><strong>eum</strong></span> <span class='ocrx_word' id='word_1_42' title='bbox 657 1661 860 1724; x_wconf 82' lang='lat' dir='ltr'><strong>accederent</strong></span> 
     </span>
     <span class='ocr_line' id='line_1_13' title="bbox 414 1748 896 1830; baseline 0.004 -20"><span class='ocrx_word' id='word_1_43' title='bbox 414 1749 530 1830; x_wconf 80' lang='lat' dir='ltr'><strong>Atque</strong></span> <span class='ocrx_word' id='word_1_44' title='bbox 553 1748 656 1811; x_wconf 89' lang='lat' dir='ltr'><strong>simul</strong></span> <span class='ocrx_word' id='word_1_45' title='bbox 680 1750 896 1825; x_wconf 85' lang='lat' dir='ltr'><strong>dissererent,</strong></span> 
     </span>
    </p>

    <p class='ocr_par' dir='ltr' id='par_1_6' title="bbox 453 1837 824 1920">
     <span class='ocr_line' id='line_1_14' title="bbox 453 1837 824 1920; baseline 0 -19"><span class='ocrx_word' id='word_1_46' title='bbox 453 1837 564 1901; x_wconf 84' lang='lat' dir='ltr'><strong>Urbes</strong></span> <span class='ocrx_word' id='word_1_47' title='bbox 588 1859 649 1920; x_wconf 92' lang='lat' dir='ltr'><strong>per</strong></span> <span class='ocrx_word' id='word_1_48' title='bbox 672 1838 824 1913; x_wconf 85' lang='lat' dir='ltr'><strong>Italicas,</strong></span> 
     </span>
    </p>
   </div>
   <div class='ocr_carea' id='block_1_5' title="bbox 349 1996 916 2417">
    <p class='ocr_par' dir='ltr' id='par_1_7' title="bbox 349 1996 916 2417">
     <span class='ocr_line' id='line_1_15' title="bbox 349 1996 866 2061; baseline 0.002 -2"><span class='ocrx_word' id='word_1_49' title='bbox 349 2000 391 2059; x_wconf 84' lang='lat'><strong>49</strong></span> <span class='ocrx_word' id='word_1_50' title='bbox 416 1996 508 2060; x_wconf 89' lang='lat' dir='ltr'><strong>Hinc</strong></span> <span class='ocrx_word' id='word_1_51' title='bbox 532 1997 577 2060; x_wconf 89' lang='lat' dir='ltr'><strong>ad</strong></span> <span class='ocrx_word' id='word_1_52' title='bbox 599 1997 729 2061; x_wconf 80' lang='lat' dir='ltr'><strong>festum</strong></span> <span class='ocrx_word' id='word_1_53' title='bbox 753 1998 866 2061; x_wconf 81' lang='lat' dir='ltr'><strong>Iunii⁰</strong></span> 
     </span>
     <span class='ocr_line' id='line_1_16' title="bbox 415 2086 889 2163; baseline 0 -14"><span class='ocrx_word' id='word_1_54' title='bbox 415 2086 535 2150; x_wconf 83' lang='lat' dir='ltr'><strong>Sancti</strong></span> <span class='ocrx_word' id='word_1_55' title='bbox 558 2086 725 2150; x_wconf 89' lang='lat' dir='ltr'><strong>Iohannis</strong></span> <span class='ocrx_word' id='word_1_56' title='bbox 749 2086 889 2163; x_wconf 86' lang='lat' dir='ltr'><strong>domini,</strong></span> 
     </span>
     <span class='ocr_line' id='line_1_17' title="bbox 415 2175 858 2259; baseline 0.002 -21"><span class='ocrx_word' id='word_1_57' title='bbox 415 2175 463 2238; x_wconf 90' lang='lat' dir='ltr'><strong>Ut</strong></span> <span class='ocrx_word' id='word_1_58' title='bbox 487 2194 603 2239; x_wconf 88' lang='lat' dir='ltr'><strong>secum</strong></span> <span class='ocrx_word' id='word_1_59' title='bbox 625 2176 662 2237; x_wconf 90' lang='lat' dir='ltr'><strong>in</strong></span> <span class='ocrx_word' id='word_1_60' title='bbox 686 2175 858 2259; x_wconf 89' lang='lat' dir='ltr'><strong>colloquio</strong></span> 
     </span>
     <span class='ocr_line' id='line_1_18' title="bbox 415 2262 852 2346; baseline 0.002 -19"><span class='ocrx_word' id='word_1_61' title='bbox 415 2262 545 2346; x_wconf 80' lang='lat' dir='ltr'><strong>*Atque</strong></span> <span class='ocrx_word' id='word_1_62' title='bbox 568 2264 666 2327; x_wconf 89' lang='lat' dir='ltr'><strong>firmo</strong></span> <span class='ocrx_word' id='word_1_63' title='bbox 690 2264 852 2328; x_wconf 89' lang='lat' dir='ltr'><strong>conscilio</strong></span> 
     </span>
     <span class='ocr_line' id='line_1_19' title="bbox 414 2347 916 2417; baseline -0.002 -2"><span class='ocrx_word' id='word_1_64' title='bbox 414 2347 638 2416; x_wconf 81' lang='lat' dir='ltr'><strong>Tractarent‘l</strong></span> <span class='ocrx_word' id='word_1_65' title='bbox 666 2353 916 2417; x_wconf 84' lang='lat' dir='ltr'><strong>honestissima.</strong></span> 
     </span>
    </p>
   </div>
   <div class='ocr_carea' id='block_1_6' title="bbox 351 2512 974 2863">
    <p class='ocr_par' dir='ltr' id='par_1_8' title="bbox 351 2512 974 2863">
     <span class='ocr_line' id='line_1_20' title="bbox 351 2512 813 2589; baseline 0.004 -15"><span class='ocrx_word' id='word_1_66' title='bbox 351 2515 392 2575; x_wconf 82' lang='lat'><strong>50</strong></span> <span class='ocrx_word' id='word_1_67' title='bbox 416 2512 459 2574; x_wconf 92' lang='lat' dir='ltr'><strong>In</strong></span> <span class='ocrx_word' id='word_1_68' title='bbox 484 2513 539 2576; x_wconf 88' lang='lat' dir='ltr'><strong>die</strong></span> <span class='ocrx_word' id='word_1_69' title='bbox 562 2533 643 2576; x_wconf 85' lang='lat' dir='ltr'><strong>vero</strong></span> <span class='ocrx_word' id='word_1_70' title='bbox 660 2513 813 2589; x_wconf 86' lang='lat' dir='ltr'><strong>Veneris,</strong></span> 
     </span>
     <span class='ocr_line' id='line_1_21' title="bbox 415 2601 870 2677; baseline 0.004 -14"><span class='ocrx_word' id='word_1_71' title='bbox 415 2601 573 2665; x_wconf 87' lang='lat' dir='ltr'><strong>Dictanti</strong></span> <span class='ocrx_word' id='word_1_72' title='bbox 597 2602 625 2664; x_wconf 89' lang='lat' dir='ltr'><strong>si</strong></span> <span class='ocrx_word' id='word_1_73' title='bbox 650 2602 870 2677; x_wconf 78' lang='lat' dir='ltr'><strong>credideris⁰,</strong></span> 
     </span>
     <span class='ocr_line' id='line_1_22' title="bbox 414 2690 886 2774; baseline 0 -21"><span class='ocrx_word' id='word_1_74' title='bbox 414 2690 470 2754; x_wconf 82' lang='lat' dir='ltr'><strong>Ad</strong></span> <span class='ocrx_word' id='word_1_75' title='bbox 494 2690 693 2754; x_wconf 79' lang='lat' dir='ltr'><strong>civitatem3</strong></span> <span class='ocrx_word' id='word_1_76' title='bbox 715 2694 886 2774; x_wconf 87' lang='lat' dir='ltr'><strong>properat,</strong></span> 
     </span>
     <span class='ocr_line' id='line_1_23' title="bbox 415 2773 974 2863; baseline 0.004 -22"><span class='ocrx_word' id='word_1_77' title='bbox 415 2778 535 2862; x_wconf 87' lang='lat' dir='ltr'><strong>Ipsum</strong></span> <span class='ocrx_word' id='word_1_78' title='bbox 560 2773 648 2861; x_wconf 75' lang='lat' dir='ltr'><strong>quef</strong></span> <span class='ocrx_word' id='word_1_79' title='bbox 673 2801 766 2844; x_wconf 90' lang='lat' dir='ltr'><strong>nunc</strong></span> <span class='ocrx_word' id='word_1_80' title='bbox 790 2780 974 2863; x_wconf 86' lang='lat' dir='ltr'><strong>vituperat,</strong></span> 
     </span>
    </p>
   </div>
   <div class='ocr_carea' id='block_1_7' title="bbox 454 2868 828 2966">
    <p class='ocr_par' dir='ltr' id='par_1_9' title="bbox 454 2868 828 2966">
     <span class='ocr_line' id='line_1_24' title="bbox 454 2868 828 2966; baseline -0.003 -35"><span class='ocrx_word' id='word_1_81' title='bbox 454 2868 558 2966; x_wconf 80' lang='lat' dir='ltr'><strong>Sexto</strong></span> <span class='ocrx_word' id='word_1_82' title='bbox 582 2872 663 2932; x_wconf 87' lang='lat' dir='ltr'><strong>ante</strong></span> <span class='ocrx_word' id='word_1_83' title='bbox 687 2868 828 2931; x_wconf 89' lang='lat' dir='ltr'><strong>Iulium.</strong></span> 
     </span>
    </p>
   </div>
   <div class='ocr_carea' id='block_1_8' title="bbox 351 3028 907 3464">
    <p class='ocr_par' dir='ltr' id='par_1_10' title="bbox 351 3028 892 3371">
     <span class='ocr_line' id='line_1_25' title="bbox 351 3028 803 3092; baseline 0 -2"><span class='ocrx_word' id='word_1_84' title='bbox 351 3033 390 3091; x_wconf 82' lang='lat'><strong>51</strong></span> <span class='ocrx_word' id='word_1_85' title='bbox 416 3028 460 3090; x_wconf 95' lang='lat' dir='ltr'><strong>In</strong></span> <span class='ocrx_word' id='word_1_86' title='bbox 484 3028 539 3091; x_wconf 88' lang='lat' dir='ltr'><strong>die</strong></span> <span class='ocrx_word' id='word_1_87' title='bbox 562 3049 642 3092; x_wconf 87' lang='lat' dir='ltr'><strong>vero</strong></span> <span class='ocrx_word' id='word_1_88' title='bbox 666 3028 803 3092; x_wconf 88' lang='lat' dir='ltr'><strong>sabbati</strong></span> 
     </span>
     <span class='ocr_line' id='line_1_26' title="bbox 414 3116 861 3195; baseline 0 -16"><span class='ocrx_word' id='word_1_89' title='bbox 414 3116 546 3195; x_wconf 79' lang='lat' dir='ltr'><strong>Quarto</strong></span> <span class='ocrx_word' id='word_1_90' title='bbox 570 3116 612 3180; x_wconf 91' lang='lat' dir='ltr'><strong>de</strong></span> <span class='ocrx_word' id='word_1_91' title='bbox 636 3137 752 3180; x_wconf 87' lang='lat' dir='ltr'><strong>mense</strong></span> <span class='ocrx_word' id='word_1_92' title='bbox 776 3117 861 3179; x_wconf 90' lang='lat' dir='ltr'><strong>Iulii</strong></span> 
     </span>
     <span class='ocr_line' id='line_1_27' title="bbox 414 3205 892 3288; baseline 0.002 -20"><span class='ocrx_word' id='word_1_93' title='bbox 414 3205 514 3270; x_wconf 87' lang='lat' dir='ltr'><strong>Idem</strong></span> <span class='ocrx_word' id='word_1_94' title='bbox 538 3226 673 3288; x_wconf 85' lang='lat' dir='ltr'><strong>quoque</strong></span> <span class='ocrx_word' id='word_1_95' title='bbox 696 3206 892 3288; x_wconf 82' lang='lat' dir='ltr'><strong>imperator,</strong></span> 
     </span>
     <span class='ocr_line' id='line_1_28' title="bbox 412 3294 854 3371; baseline -0.002 -14"><span class='ocrx_word' id='word_1_96' title='bbox 412 3294 600 3357; x_wconf 83' lang='lat' dir='ltr'><strong>Rationum</strong></span> <span class='ocrx_word' id='word_1_97' title='bbox 625 3296 854 3371; x_wconf 88' lang='lat' dir='ltr'><strong>confirmator,</strong></span> 
     </span>
    </p>

    <p class='ocr_par' dir='ltr' id='par_1_11' title="bbox 454 3383 907 3464">
     <span class='ocr_line' id='line_1_29' title="bbox 454 3383 907 3464; baseline -0.004 -18"><span class='ocrx_word' id='word_1_98' title='bbox 454 3383 508 3446; x_wconf 90' lang='lat' dir='ltr'><strong>Ad</strong></span> <span class='ocrx_word' id='word_1_99' title='bbox 534 3383 690 3464; x_wconf 87' lang='lat' dir='ltr'><strong>Burgum</strong></span> <span class='ocrx_word' id='word_1_100' title='bbox 712 3383 907 3446; x_wconf 86' lang='lat' dir='ltr'><strong>revertitur.</strong></span> 
     </span>
    </p>
   </div>
   <div class='ocr_carea' id='block_1_9' title="bbox 350 3542 922 3798">
    <p class='ocr_par' dir='ltr' id='par_1_12' title="bbox 350 3542 922 3798">
     <span class='ocr_line' id='line_1_30' title="bbox 350 3542 764 3606; baseline -0.002 -1"><span class='ocrx_word' id='word_1_101' title='bbox 350 3546 392 3605; x_wconf 79' lang='lat'><strong>52</strong></span> <span class='ocrx_word' id='word_1_102' title='bbox 416 3542 467 3605; x_wconf 82' lang='lat' dir='ltr'><strong>Ea</strong></span> <span class='ocrx_word' id='word_1_103' title='bbox 490 3543 545 3606; x_wconf 87' lang='lat' dir='ltr'><strong>die</strong></span> <span class='ocrx_word' id='word_1_104' title='bbox 570 3543 764 3606; x_wconf 84' lang='lat' dir='ltr'><strong>accelerant</strong></span> 
     </span>
     <span class='ocr_line' id='line_1_31' title="bbox 414 3631 920 3715; baseline 0.002 -22"><span class='ocrx_word' id='word_1_105' title='bbox 414 3631 460 3694; x_wconf 77' lang='lat' dir='ltr'><strong>ur</strong></span> <span class='ocrx_word' id='word_1_106' title='bbox 484 3652 562 3694; x_wconf 88' lang='lat' dir='ltr'><strong>oum</strong></span> <span class='ocrx_word' id='word_1_107' title='bbox 585 3631 709 3712; x_wconf 81' lang='lat' dir='ltr'><strong>legatis</strong></span> <span class='ocrx_word' id='word_1_108' title='bbox 734 3635 920 3715; x_wconf 89' lang='lat' dir='ltr'><strong>properant</strong></span> 
     </span>
     <span class='ocr_line' id='line_1_32' title="bbox 413 3719 922 3798; baseline 0.004 -16"><span class='ocrx_word' id='word_1_109' title='bbox 413 3720 577 3784; x_wconf 88' lang='lat' dir='ltr'><strong>Rectores</strong></span> <span class='ocrx_word' id='word_1_110' title='bbox 601 3720 774 3783; x_wconf 84' lang='lat' dir='ltr'><strong>castrum4</strong></span> <span class='ocrx_word' id='word_1_111' title='bbox 796 3719 922 3798; x_wconf 89' lang='lat' dir='ltr'><strong>nobile,</strong></span> 
     </span>
    </p>
   </div>
   <div class='ocr_carea' id='block_1_10' title="bbox 132 3891 1252 4050">
    <p class='ocr_par' dir='ltr' id='par_1_13' title="bbox 132 3891 1252 4050">
     <span class='ocr_line' id='line_1_33' title="bbox 132 3891 1252 3946; baseline 0 -13"><span class='ocrx_word' id='word_1_112' title='bbox 132 3892 156 3946; x_wconf 73' lang='grc' dir='ltr'><strong>ι)</strong></span> <span class='ocrx_word' id='word_1_113' title='bbox 170 3892 295 3941; x_wconf 64' lang='lat' dir='ltr'><strong>emmeant,-</strong></span> <span class='ocrx_word' id='word_1_114' title='bbox 308 3891 340 3932; x_wconf 72' lang='lat' dir='ltr'><strong>Et</strong></span> <span class='ocrx_word' id='word_1_115' title='bbox 353 3892 380 3931; x_wconf 85' lang='lat' dir='ltr'><strong>de</strong></span> <span class='ocrx_word' id='word_1_116' title='bbox 394 3903 410 3934; x_wconf 88' lang='lat' dir='ltr'><strong>c.</strong></span> <span class='ocrx_word' id='word_1_117' title='bbox 469 3893 492 3941; x_wconf 88' lang='lat' dir='ltr'><strong>b)</strong></span> <span class='ocrx_word' id='word_1_118' title='bbox 506 3893 585 3934; x_wconf 79' lang='lat' dir='ltr'><strong>emend.</strong></span> <span class='ocrx_word' id='word_1_119' title='bbox 600 3891 691 3941; x_wconf 65' lang='lat' dir='ltr'><strong>mr„-</strong></span> <span class='ocrx_word' id='word_1_120' title='bbox 705 3893 780 3931; x_wconf 78' lang='lat' dir='ltr'><strong>Maore</strong></span> <span class='ocrx_word' id='word_1_121' title='bbox 794 3904 812 3931; x_wconf 86' lang='lat' dir='ltr'><strong>c.</strong></span> <span class='ocrx_word' id='word_1_122' title='bbox 873 3891 893 3943; x_wconf 83' lang='lat' dir='ltr'><strong>o)</strong></span> <span class='ocrx_word' id='word_1_123' title='bbox 906 3893 987 3931; x_wconf 78' lang='lat' dir='ltr'><strong>sillaim</strong></span> <span class='ocrx_word' id='word_1_124' title='bbox 1001 3895 1144 3942; x_wconf 72' lang='lat' dir='ltr'><strong>‹locide-atur,</strong></span> <span class='ocrx_word' id='word_1_125' title='bbox 1158 3895 1252 3941; x_wconf 77' lang='lat' dir='ltr'><strong>fortasse</strong></span> 
     </span>
     <span class='ocr_line' id='line_1_34' title="bbox 132 3945 1251 4050; baseline 0.001 -65"><span class='ocrx_word' id='word_1_126' title='bbox 132 3946 227 4039; x_wconf 54' lang='lat' dir='ltr'><strong>m</strong></span> <span class='ocrx_word' id='word_1_127' title='bbox 228 3946 273 4041; x_wconf 38' lang='lat' dir='ltr'><strong>&#39;ml</strong></span> <span class='ocrx_word' id='word_1_128' title='bbox 286 3945 489 4050; x_wconf 45' lang='grc' dir='ltr'><strong>13ηὲὤὲἚηῖ</strong></span> <span class='ocrx_word' id='word_1_129' title='bbox 489 3946 666 4044; x_wconf 51' lang='lat' dir='ltr'><strong>’eerrgffiggrlrstmc</strong></span> <span class='ocrx_word' id='word_1_130' title='bbox 726 3945 752 4049; x_wconf 54' lang='lat' dir='ltr'><strong>g)</strong></span> <span class='ocrx_word' id='word_1_131' title='bbox 764 3945 936 4047; x_wconf 46' lang='lat' dir='ltr'><strong>{gemam</strong></span> <span class='ocrx_word' id='word_1_132' title='bbox 949 3948 1091 3996; x_wconf 73' lang='lat' dir='ltr'><strong>scribendum,</strong></span> <span class='ocrx_word' id='word_1_133' title='bbox 1110 3958 1157 3986; x_wconf 84' lang='lat' dir='ltr'><strong>cum</strong></span> <span class='ocrx_word' id='word_1_134' title='bbox 1171 3949 1251 3986; x_wconf 72' lang='lat' dir='ltr'><strong>sillaim</strong></span> 
     </span>
    </p>
   </div>
   <div class='ocr_carea' id='block_1_11' title="bbox 88 4140 1252 4491">
    <p class='ocr_par' dir='ltr' id='par_1_14' title="bbox 88 4140 1252 4491">
     <span class='ocr_line' id='line_1_35' title="bbox 88 4140 1251 4208; baseline -0.001 -15"><span class='ocrx_word' id='word_1_135' title='bbox 88 4158 114 4198; x_wconf 79' lang='lat' dir='ltr'><strong>ac</strong></span> <span class='ocrx_word' id='word_1_136' title='bbox 133 4142 160 4208; x_wconf 91' lang='grc'><strong>1)</strong></span> <span class='ocrx_word' id='word_1_137' title='bbox 177 4141 213 4193; x_wconf 79' lang='lat' dir='ltr'><strong>In</strong></span> <span class='ocrx_word' id='word_1_138' title='bbox 230 4141 317 4193; x_wconf 75' lang='lat' dir='ltr'><strong>Italia</strong></span> <span class='ocrx_word' id='word_1_139' title='bbox 333 4140 488 4193; x_wconf 82' lang='lat' dir='ltr'><strong>credebatur</strong></span> <span class='ocrx_word' id='word_1_140' title='bbox 508 4140 672 4205; x_wconf 75' lang='lat' dir='ltr'><strong>Tridentum,</strong></span> <span class='ocrx_word' id='word_1_141' title='bbox 697 4156 764 4206; x_wconf 81' lang='lat' dir='ltr'><strong>quae</strong></span> <span class='ocrx_word' id='word_1_142' title='bbox 781 4142 875 4192; x_wconf 74' lang='lat' dir='ltr'><strong>civiter</strong></span> <span class='ocrx_word' id='word_1_143' title='bbox 892 4155 954 4192; x_wconf 78' lang='lat' dir='ltr'><strong>cese</strong></span> <span class='ocrx_word' id='word_1_144' title='bbox 974 4147 1036 4192; x_wconf 80' lang='lat' dir='ltr'><strong>turre</strong></span> <span class='ocrx_word' id='word_1_145' title='bbox 1053 4141 1173 4192; x_wconf 72' lang='lat' dir='ltr'><strong>immeto</strong></span> <span class='ocrx_word' id='word_1_146' title='bbox 1190 4157 1251 4193; x_wconf 80' lang='lat' dir='ltr'><strong>eon-</strong></span> 
     </span>
     <span class='ocr_line' id='line_1_36' title="bbox 131 4211 1250 4277; baseline -0.002 -11"><span class='ocrx_word' id='word_1_147' title='bbox 131 4217 250 4266; x_wconf 84' lang='lat' dir='ltr'><strong>eremeta</strong></span> <span class='ocrx_word' id='word_1_148' title='bbox 275 4217 320 4277; x_wconf 80' lang='lat' dir='ltr'><strong>eet,</strong></span> <span class='ocrx_word' id='word_1_149' title='bbox 347 4211 476 4264; x_wconf 81' lang='lat' dir='ltr'><strong>Heinrr&#39;co</strong></span> <span class='ocrx_word' id='word_1_150' title='bbox 500 4227 561 4277; x_wconf 71' lang='lat' dir='ltr'><strong>reye</strong></span> <span class='ocrx_word' id='word_1_151' title='bbox 584 4212 685 4263; x_wconf 76' lang='lat' dir='ltr'><strong>tabente</strong></span> <span class='ocrx_word' id='word_1_152' title='bbox 710 4212 870 4262; x_wconf 74' lang='lat' dir='ltr'><strong>combustam</strong></span> <span class='ocrx_word' id='word_1_153' title='bbox 895 4227 963 4277; x_wconf 74' lang='lat' dir='ltr'><strong>eoru,-</strong></span> <span class='ocrx_word' id='word_1_154' title='bbox 994 4214 1029 4277; x_wconf 80' lang='lat' dir='ltr'><strong>cf.</strong></span> <span class='ocrx_word' id='word_1_155' title='bbox 1056 4211 1250 4277; x_wconf 80' lang='lat' dir='ltr'><strong>Winkelmann,</strong></span> 
     </span>
     <span class='ocr_line' id='line_1_37' title="bbox 132 4281 1252 4350; baseline -0.001 -14"><span class='ocrx_word' id='word_1_156' title='bbox 132 4282 287 4336; x_wconf 70' lang='lat' dir='ltr'><strong>‘Fm&#39;edrieh</strong></span> <span class='ocrx_word' id='word_1_157' title='bbox 298 4282 348 4337; x_wconf 61' lang='grc' dir='ltr'><strong>ΙΙ]</strong></span> <span class='ocrx_word' id='word_1_158' title='bbox 364 4282 389 4350; x_wconf 77' lang='grc' dir='ltr'><strong>Ι,</strong></span> <span class='ocrx_word' id='word_1_159' title='bbox 404 4285 505 4350; x_wconf 52' lang='grc'><strong>14294,</strong></span> <span class='ocrx_word' id='word_1_160' title='bbox 523 4299 550 4336; x_wconf 82' lang='lat' dir='ltr'><strong>n.</strong></span> <span class='ocrx_word' id='word_1_161' title='bbox 563 4285 589 4336; x_wconf 80' lang='lat'><strong>2.</strong></span> <span class='ocrx_word' id='word_1_162' title='bbox 643 4284 671 4349; x_wconf 80' lang='lat'><strong>2)</strong></span> <span class='ocrx_word' id='word_1_163' title='bbox 689 4281 812 4334; x_wconf 78' lang='lat' dir='ltr'><strong>Conrado</strong></span> <span class='ocrx_word' id='word_1_164' title='bbox 823 4297 910 4349; x_wconf 83' lang='lat' dir='ltr'><strong>supra</strong></span> <span class='ocrx_word' id='word_1_165' title='bbox 921 4283 997 4336; x_wconf 83' lang='lat' dir='ltr'><strong>dieto.</strong></span> <span class='ocrx_word' id='word_1_166' title='bbox 1025 4282 1067 4347; x_wconf 79' lang='lat' dir='ltr'><strong>Of.</strong></span> <span class='ocrx_word' id='word_1_167' title='bbox 1079 4285 1252 4350; x_wconf 78' lang='lat' dir='ltr'><strong>imperatorie</strong></span> 
     </span>
     <span class='ocr_line' id='line_1_38' title="bbox 132 4353 1249 4420; baseline 0.001 -14"><span class='ocrx_word' id='word_1_168' title='bbox 132 4356 248 4419; x_wconf 68' lang='lat' dir='ltr'><strong>litterar,</strong></span> <span class='ocrx_word' id='word_1_169' title='bbox 265 4353 324 4408; x_wconf 84' lang='lat' dir='ltr'><strong>LL.</strong></span> <span class='ocrx_word' id='word_1_170' title='bbox 344 4353 431 4407; x_wconf 81' lang='lat' dir='ltr'><strong>Conct.</strong></span> <span class='ocrx_word' id='word_1_171' title='bbox 443 4353 483 4419; x_wconf 89' lang='lat' dir='ltr'><strong>II,</strong></span> <span class='ocrx_word' id='word_1_172' title='bbox 499 4369 529 4418; x_wconf 79' lang='lat' dir='ltr'><strong>p.</strong></span> <span class='ocrx_word' id='word_1_173' title='bbox 544 4355 595 4407; x_wconf 83' lang='lat'><strong>137</strong></span> <span class='ocrx_word' id='word_1_174' title='bbox 604 4368 652 4418; x_wconf 66' lang='lat' dir='ltr'><strong>aq,</strong></span> <span class='ocrx_word' id='word_1_175' title='bbox 671 4369 716 4408; x_wconf 83' lang='lat' dir='ltr'><strong>nr.</strong></span> <span class='ocrx_word' id='word_1_176' title='bbox 730 4355 789 4408; x_wconf 83' lang='lat'>107.</span> <span class='ocrx_word' id='word_1_177' title='bbox 879 4355 907 4420; x_wconf 89' lang='grc'><strong>3)</strong></span> <span class='ocrx_word' id='word_1_178' title='bbox 927 4353 1082 4405; x_wconf 79' lang='lat' dir='ltr'><strong>Cremonam</strong></span> <span class='ocrx_word' id='word_1_179' title='bbox 1089 4377 1098 4419; x_wconf 89' lang='lat'><em>;</em></span> <span class='ocrx_word' id='word_1_180' title='bbox 1121 4354 1157 4417; x_wconf 80' lang='lat' dir='ltr'><strong>cf.</strong></span> <span class='ocrx_word' id='word_1_181' title='bbox 1177 4355 1249 4408; x_wconf 79' lang='lat' dir='ltr'><strong>Aren.</strong></span> 
     </span>
     <span class='ocr_line' id='line_1_39' title="bbox 132 4424 1092 4491; baseline -0.006 -13"><span class='ocrx_word' id='word_1_182' title='bbox 132 4426 207 4480; x_wconf 81' lang='lat' dir='ltr'><strong>Plec.</strong></span> <span class='ocrx_word' id='word_1_183' title='bbox 229 4424 288 4479; x_wconf 63' lang='grc' dir='ltr'><strong>θῶ.</strong></span> <span class='ocrx_word' id='word_1_184' title='bbox 308 4425 326 4479; x_wconf 86' lang='lat' dir='ltr'><strong>l.</strong></span> <span class='ocrx_word' id='word_1_185' title='bbox 340 4424 358 4479; x_wconf 87' lang='lat' dir='ltr'><strong>l.</strong></span> <span class='ocrx_word' id='word_1_186' title='bbox 416 4425 458 4491; x_wconf 81' lang='lat'><strong>·4)</strong></span> <span class='ocrx_word' id='word_1_187' title='bbox 474 4424 672 4491; x_wconf 78' lang='lat' dir='ltr'><strong>Interpretare:</strong></span> <span class='ocrx_word' id='word_1_188' title='bbox 697 4425 734 4475; x_wconf 83' lang='lat' dir='ltr'><strong>ed</strong></span> <span class='ocrx_word' id='word_1_189' title='bbox 751 4429 876 4478; x_wconf 80' lang='lat' dir='ltr'><strong>castrum.</strong></span> <span class='ocrx_word' id='word_1_190' title='bbox 1089 4429 1092 4434; x_wconf 88' lang='lat'>&#39;</span> 
     </span>
    </p>
   </div>
   <div class='ocr_carea' id='block_1_12' title="bbox 187 4531 1020 4583">
    <p class='ocr_par' dir='ltr' id='par_1_15' title="bbox 187 4531 1020 4583">
     <span class='ocr_line' id='line_1_40' title="bbox 187 4531 1020 4583; baseline 0.017 -14"><span class='ocrx_word' id='word_1_191' title='bbox 187 4531 342 4581; x_wconf 66' lang='lat' dir='ltr'><strong>codugnellus.</strong></span> <span class='ocrx_word' id='word_1_192' title='bbox 1004 4532 1020 4583; x_wconf 88' lang='grc'><strong>6</strong></span> 
     </span>
    </p>
   </div>
   <div class='ocr_carea' id='block_1_13' title="bbox 0 0 1486 4936">
    <p class='ocr_par' dir='ltr' id='par_1_16' title="bbox 0 0 1486 4936">
     <span class='ocr_line' id='line_1_41' title="bbox 0 0 1486 4936; baseline 0 0"><span class='ocrx_word' id='word_1_193' title='bbox 0 0 1486 4936; x_wconf 95' lang='lat' dir='ltr'><strong> </strong></span> 
     </span>
    </p>
   </div>
  </div>
 </body>
</html>
