2962 4936
246 449 438 506 IOHANNIS
457 450 704 506 GODAGNELLI
723 452 903 508 ANNALIIS
921 454 1049 511 arnae.
1064 458 1142 511 1227.
1227 459 1263 512 85

141 654 236 699 roces
265 635 301 697 in
333 655 532 699 succursum
556 637 686 719 pariter
712 639 747 700 et
771 636 962 700 subsidium
986 636 1262 702 Christianorum

142 723 235 787 ultra
257 744 351 789 mare
375 725 597 789 existentium
622 745 683 808 pro
708 725 813 788 Terra
829 725 956 789 Sancta
979 729 1202 791 manutenere
1227 731 1266 798 et¹

142 816 296 877 asanete
313 814 422 877 crucis
438 813 586 877 inimicis
603 813 814 878 defendere1
839 815 1008 896 proficisci
1027 819 1261 898 procurarent.

140 899 242 980 Quod
266 921 399 965 summo
424 902 580 985 pontifici
604 906 639 966 et
664 902 824 966 universe
848 903 922 966 eius
946 903 1040 968 curie
1070 904 1203 987 placuit
1227 908 1262 968 et

108 990 271 1054 aiustum
294 994 330 1055 et
354 991 560 1055 conveniens
584 1010 656 1055 esse
679 990 827 1054 videtur.
875 991 943 1070 Qui
975 992 1094 1055 statim
1121 994 1261 1057 nuntios

141 1098 219 1143 suos
243 1081 287 1142 ad
311 1079 553 1163 imperatorem
576 1080 680 1155 misit,
705 1083 745 1143 ut
768 1081 804 1142 in
829 1080 1001 1163 colloquio
1025 1102 1103 1145 cum
1127 1102 1167 1146 eo
1185 1103 1262 1146 con-

140 1167 256 1232 venire
292 1168 442 1233 deberet.
502 1167 588 1231 Cum
623 1172 740 1232 autem
774 1169 811 1231 in
847 1169 1018 1251 colloquio
1052 1170 1260 1247 innarenn,

88 1267 91 1271 ’
141 1256 238 1321 dedit
269 1257 301 1321 ei
329 1257 366 1319 in
397 1257 570 1321 mandatis
594 1277 746 1320 summus
770 1257 936 1340 pontifex,
969 1263 1009 1320 ut
1037 1258 1178 1323 deberet
1201 1282 1260 1344 po-

140 1349 255 1409 tentes
290 1348 325 1410 et
354 1347 487 1410 feroces
519 1346 609 1410 viros
639 1346 775 1428 imperii
804 1346 919 1410 facere
950 1367 1132 1430 preparare
1156 1351 1191 1413 et
1215 1349 1258 1412 ad

99 1456 124 1494 ro
140 1454 237 1497 suam
261 1436 469 1517 presentiam
495 1434 582 1498 *sine
606 1434 710 1517 longa
734 1434 901 1499 dilatione
925 1437 1097 1511 accedere,
1130 1437 1259 1519 profec-
1279 1460 1366 1508 *aeae

140 1516 231 1585 turib
251 1524 288 1585 in
305 1523 470 1586 auxilium
489 1522 763 1586 Christianorum
775 1525 795 1584 2.
828 1523 995 1587 Similiter
1009 1525 1113 1587 tactis
1130 1527 1259 1588 sanctis

140 1612 328 1696 evangeliis
352 1613 394 1677 ab
418 1612 627 1695 imperatore
637 1613 657 1684 3,
689 1613 875 1675 terminum
906 1613 938 1676 ei
965 1613 1089 1676 statuit
1113 1617 1149 1678 et
1172 1614 1258 1677 ordi-

140 1701 246 1777 navit,
271 1702 492 1785 precipiendo
517 1702 548 1766 ei
572 1701 635 1764 sub
659 1701 797 1764 vinculo
812 1702 998 1765 iuramenti
1014 1703 1050 1766 et
1069 1722 1258 1765 excommu-

140 1789 335 1866 nicationis,
368 1793 408 1853 ut
439 1791 482 1854 ad
512 1790 699 1854 terminum
729 1792 900 1852 statutum
931 1811 1009 1854 cum
1038 1792 1131 1853 omni
1155 1794 1258 1874 gente

98 1899 123 1939 rs
140 1898 243 1961 quam
284 1879 411 1943 habere
450 1879 629 1962 potuerit⁰
675 1881 886 1942 transmeare
928 1879 1064 1944 debeat.
1125 1880 1259 1945 Iterum

140 1987 293 2031 summus
323 1968 480 2050 pontifex
503 1967 644 2031 nuntios
676 1987 754 2030 suos
784 1987 846 2051 per
868 1968 1045 2031 universas
1069 1969 1259 2051 provintias

140 2056 266 2120 direxit
300 2057 381 2120 viris
416 2057 575 2120 omnibus
610 2056 840 2140 prudentibus
872 2059 907 2121 et
937 2058 1187 2139 potentissimis
1218 2079 1259 2123 ex

139 2148 238 2229 parte
268 2145 335 2209 Dei
369 2145 598 2229 precipientes
633 2147 668 2208 et
702 2145 740 2207 in
771 2145 1004 2208 remissionem
1037 2150 1256 2228 peccatorum

139 2255 257 2298 eorum
287 2234 518 2317 iniungentes,
550 2237 590 2297 ut
619 2234 656 2296 in
687 2253 886 2297 succursum
910 2232 1035 2297 Sancte
1058 2234 1162 2298 Terre
1185 2255 1257 2317 per-

93 2342 219 2405 rogere
242 2323 458 2387 festinarent.
495 2321 650 2405 Cumque
674 2323 737 2386 hec
761 2326 840 2385 aeta
862 2322 1020 2397 fuissent,
1045 2323 1081 2384 in
1101 2324 1258 2406 predicta

137 2411 385 2488 incarnatione,
417 2413 473 2476 die
500 2411 593 2475 Iovis
617 2411 741 2474 XIIII.
765 2407 844 2473 Kal.
868 2410 1021 2494 Aprilis4
1050 2410 1138 2474 obiit
1168 2433 1258 2495 papa

138 2500 324 2578 Honorius,
356 2504 392 2565 et
419 2500 553 2565 levatus
576 2500 645 2562 fuit
668 2520 757 2583 papa
781 2498 976 2582 Gregorius.
1023 2499 1153 2563 Eodem
1177 2520 1257 2563 vero

1279 1596 1357 1649 1225.

1277 1665 1343 1715 (lul.)

1277 2393 1355 2446 1227.

1277 2462 1344 2504 Mart.
1354 2463 1386 2505 18.

137 2591 294 2672 tempore
324 2588 572 2652 MOOXXVII.
608 2590 650 2652 de
681 2609 797 2652 mense
828 2588 946 2664 Madii,
983 2588 1076 2650 Iunii
1107 2591 1143 2652 et
1172 2589 1257 2651 Iulii
1276 2612 1420 2656 naa-ruz.

137 2678 399 2742 innumerabilis
434 2678 624 2741 multitudo
658 2677 807 2741 virorum
843 2677 1066 2761 prudentium
1097 2679 1132 2742 et
1164 2677 1257 2741 belli·

91 2787 120 2828 aa
138 2788 256 2830 corum
279 2767 432 2831 omnium
455 2767 634 2850 regionum
659 2768 695 2829 et
719 2766 978 2849 provintiarum,
1003 2766 1136 2831 scilieet
1151 2767 1257 2831 Theo-

136 2856 366 2928 thonioorum,
384 2856 591 2931 Biemorum,
610 2856 841 2930 Brienzorum,
859 2850 1047 2918 Saxorumd
1063 2857 1098 2919 et
1110 2855 1255 2918 aliorum

136 2944 174 3006 in
204 2944 468 3028 septentrionali
497 2944 600 3028 plaga
623 2944 858 3008 habitantium
869 2943 889 3020 ⁵,
922 2943 1157 3026 Anglicorum,
1186 2944 1254 3007 Fri-

136 3054 268 3109 xorum,
286 3033 505 3109 Francorum,
523 3032 797 3108 Provintialium,
810 3032 1040 3115 Yspaniorum
1059 3037 1094 3096 et
1110 3032 1254 3095 aliarum

136 3122 317 3205 regionum
351 3123 388 3184 in
423 3123 581 3187 extremis
616 3120 772 3205 partibus
802 3120 894 3184 orbis
927 3121 1159 3196 existentium,
1196 3142 1256 3204 per

91 3233 119 3272 ao
138 3210 351 3274 Placentiam
385 3214 420 3275 et
443 3210 614 3274 Veronam
645 3210 688 3273 ad
720 3209 851 3272 domini
880 3209 1097 3292 imperatoris
1125 3211 1255 3274 curiam

138 3299 201 3363 de⁰
237 3320 353 3364 mense
376 3299 495 3375 Madii,
533 3299 626 3361 Iunii
657 3302 692 3362 et
723 3297 807 3360 Iulii
830 3301 1046 3380 perexerunt,
1078 3302 1255 3381 sperantes

136 3390 174 3452 et
202 3387 442 3452 indubitanter
470 3388 648 3452 credentes
676 3387 872 3462 transitum,
902 3386 991 3448 sicut
1022 3407 1154 3449 summo
1182 3407 1255 3469 pro-

137 3476 300 3541 miserat⁶
322 3477 488 3561 pontifici,
514 3476 594 3539 dare
619 3476 752 3540 debere.
796 3474 864 3553 Qui
886 3474 923 3536 in
947 3475 1103 3557 partibus
1128 3475 1254 3557 Apulia

137 3703 160 3754 a)
173 3704 304 3752 lustrarent,
319 3707 437 3752 sexprcnct,
447 3715 464 3746 e.
504 3701 528 3753 b)
542 3703 685 3751 Interpretare
699 3703 846 3750 profecturos.
862 3702 933 3739 Sr'mllr'
946 3702 1010 3739 modo
1023 3700 1148 3749 saepissime
1157 3700 1254 3749 Godana.

90 3756 120 3797 td
136 3757 230 3806 empsit.
284 3757 304 3808 c)
318 3757 399 3806 potuer
412 3768 429 3800 e.
470 3754 835 3804 d)emaa.1³errz;soixorume.
877 3753 898 3805 e)
912 3753 940 3793 de
954 3775 980 3782 -
994 3755 1045 3793 Iulii
1060 3755 1104 3792 lam
1117 3764 1187 3802 supra
1200 3754 1256 3796 123.

138 3936 164 4002 1)
183 3935 285 3987 Eadem
302 3936 381 3988 rerba
399 3936 457 3986 ride
473 3950 560 4001 surpra
574 3950 604 4000 p.
618 3935 661 3988 68.
739 3932 766 4000 2)
795 3931 892 3983 Omnia
905 3933 1091 3999 praecedentia
1108 3947 1183 3983 nemo
1200 3945 1255 3982 non

136 4006 204 4059 vider
226 4008 323 4058 inania
348 4022 401 4058 eoae
425 4012 567 4057 commenta
593 4004 752 4068 Codaqnellr',
779 4004 828 4069 qni
851 4005 987 4054 nesciverit
1004 4003 1174 4054 Frederr'enm
1200 4003 1255 4052 iam

136 4093 162 4132 a.
177 4079 255 4133 1215.
273 4080 371 4130 virente
390 4078 542 4128 Innocentio
554 4075 609 4128 III.
628 4078 734 4141 sponte,
760 4072 906 4141 ignorante
930 4071 994 4124 sede
1021 4070 1178 4139 apostolica,
1204 4073 1255 4122 iter

136 4162 245 4200 eaerum
262 4150 367 4202 ambae.
421 4150 449 4214 3)
470 4146 552 4214 Apud
565 4147 592 4199 S.
607 4147 772 4198 Germanum
788 4146 937 4210 imperator
954 4145 1056 4194 iurarit
1069 4142 1256 4208 praesentibus

91 4233 119 4272 40
136 4220 331 4286 cardinalitia,
350 4234 404 4271 non
418 4234 504 4286 pape,
523 4219 685 4271 eea.1227.
705 4216 776 4280 Any.
795 4221 874 4266 trane
891 4229 967 4265 mare
980 4214 1177 4281 profecturum,
1197 4212 1254 4266 LL.

138 4289 225 4345 aona.
237 4290 278 4354 II,
292 4308 322 4358 p.
337 4292 388 4345 129
401 4307 448 4356 eq,
467 4290 586 4354 nr.102,
610 4303 669 4338 enm
688 4302 764 4353 papa
786 4302 812 4338 a.
827 4287 905 4339 1222.
918 4286 987 4351 Apr.
1004 4284 1118 4335 Verulae
1136 4288 1159 4334 et
1177 4285 1254 4338 1223.

136 4361 221 4416 More.
239 4362 381 4413 Ferentini
390 4362 422 4412 de
439 4362 533 4412 itinere
551 4374 627 4412 eaoro
638 4358 781 4409 collocutae
792 4362 837 4408 at.
891 4357 919 4422 4)
937 4355 979 4418 Cf.
992 4370 1078 4421 supra
1094 4371 1121 4421 p.
1134 4356 1178 4416 84,
1190 4371 1217 4408 n.
1229 4356 1255 4408 2.

137 4434 165 4498 5)
182 4433 224 4497 Cf.
243 4448 330 4500 snpra
345 4449 373 4500 p.
385 4434 410 4486 8,
425 4433 455 4498 9;
477 4431 519 4484 (Ν.
539 4428 648 4481 Archia
666 4427 747 4491 XVI,
763 4444 791 4494 p.
804 4427 864 4481 264.
938 4426 967 4494 6)
984 4426 1046 4477 Sor‘l.
1065 4426 1219 4492 imperator.
